<?xml version="1.0" encoding="UTF-8"?>
<!--
  camt.053.001.08 — Bank-to-Customer Statement (Tagesauszug)
  AT-Kontext: Via EBICS Auftragsart C53 von Erste Bank empfangen.
  STUZZA-Implementierungsrichtlinien folgen weitgehend ISO 20022.
-->
<Document xmlns="urn:iso:std:iso:20022:tech:xsd:camt.053.001.08">
  <BkToCstmrStmt>
    <GrpHdr>
      <MsgId>CAMT053-AT-2026-0421</MsgId>
      <CreDtTm>2026-04-21T18:00:00Z</CreDtTm>
    </GrpHdr>
    <Stmt>
      <Id>STMT-AT-20260421</Id>
      <ElctrncSeqNb>91</ElctrncSeqNb>
      <CreDtTm>2026-04-21T18:00:00Z</CreDtTm>
      <Acct>
        <Id>
          <IBAN>AT611904300234573201</IBAN>
        </Id>
        <Ccy>EUR</Ccy>
        <Svcr>
          <FinInstnId><BICFI>GIBAATWWXXX</BICFI></FinInstnId>
        </Svcr>
      </Acct>
      <Bal>
        <Tp><CdOrPrtry><Cd>OPBD</Cd></CdOrPrtry></Tp>
        <Amt Ccy="EUR">68240.50</Amt>
        <CdtDbtInd>CRDT</CdtDbtInd>
        <Dt><Dt>2026-04-21</Dt></Dt>
      </Bal>
      <Bal>
        <Tp><CdOrPrtry><Cd>CLBD</Cd></CdOrPrtry></Tp>
        <Amt Ccy="EUR">64790.50</Amt>
        <CdtDbtInd>CRDT</CdtDbtInd>
        <Dt><Dt>2026-04-21</Dt></Dt>
      </Bal>
      <Ntry>
        <Amt Ccy="EUR">3450.00</Amt>
        <CdtDbtInd>DBIT</CdtDbtInd>
        <Sts><Cd>BOOK</Cd></Sts>
        <BookgDt><Dt>2026-04-21</Dt></BookgDt>
        <ValDt><Dt>2026-04-22</Dt></ValDt>
        <BkTxCd>
          <Domn>
            <Cd>PMNT</Cd>
            <Fmly><Cd>ICDT</Cd><SubFmlyCd>ESCT</SubFmlyCd></Fmly>
          </Domn>
        </BkTxCd>
        <NtryDtls>
          <TxDtls>
            <Refs>
              <EndToEndId>RE-2026-04-0184</EndToEndId>
            </Refs>
            <RltdPties>
              <Cdtr><Nm>HOFER MASCHINENBAU GMBH</Nm></Cdtr>
              <CdtrAcct><Id><IBAN>AT021100000123456789</IBAN></Id></CdtrAcct>
            </RltdPties>
            <RmtInf>
              <Ustrd>Rechnung RE-2026-04-0184 vom 14.04.2026</Ustrd>
            </RmtInf>
          </TxDtls>
        </NtryDtls>
      </Ntry>
    </Stmt>
  </BkToCstmrStmt>
</Document>
