<?xml version="1.0" encoding="UTF-8"?>
<!--
  camt.053.001.08 — Bank-to-Customer Statement (Tagesauszug)
  NL-Kontext: Via EBICS Auftragsart C53 von ING Bank empfangen.
  Beispiel enthält iDEAL-Eingang als SEPA SCT Inst Gutschrift.
-->
<Document xmlns="urn:iso:std:iso:20022:tech:xsd:camt.053.001.08">
  <BkToCstmrStmt>
    <GrpHdr>
      <MsgId>CAMT053-NL-2026-0421</MsgId>
      <CreDtTm>2026-04-21T18:00:00Z</CreDtTm>
    </GrpHdr>
    <Stmt>
      <Id>STMT-NL-20260421</Id>
      <ElctrncSeqNb>74</ElctrncSeqNb>
      <CreDtTm>2026-04-21T18:00:00Z</CreDtTm>
      <Acct>
        <Id>
          <IBAN>NL91INGB0417164300</IBAN>
        </Id>
        <Ccy>EUR</Ccy>
        <Svcr>
          <FinInstnId><BICFI>INGBNL2AXXX</BICFI></FinInstnId>
        </Svcr>
      </Acct>
      <Bal>
        <Tp><CdOrPrtry><Cd>OPBD</Cd></CdOrPrtry></Tp>
        <Amt Ccy="EUR">98750.00</Amt>
        <CdtDbtInd>CRDT</CdtDbtInd>
        <Dt><Dt>2026-04-21</Dt></Dt>
      </Bal>
      <Bal>
        <Tp><CdOrPrtry><Cd>CLBD</Cd></CdOrPrtry></Tp>
        <Amt Ccy="EUR">93199.50</Amt>
        <CdtDbtInd>CRDT</CdtDbtInd>
        <Dt><Dt>2026-04-21</Dt></Dt>
      </Bal>
      <!-- Ausgehende SCT-Buchung -->
      <Ntry>
        <Amt Ccy="EUR">5670.00</Amt>
        <CdtDbtInd>DBIT</CdtDbtInd>
        <Sts><Cd>BOOK</Cd></Sts>
        <BookgDt><Dt>2026-04-21</Dt></BookgDt>
        <ValDt><Dt>2026-04-22</Dt></ValDt>
        <BkTxCd>
          <Domn>
            <Cd>PMNT</Cd>
            <Fmly><Cd>ICDT</Cd><SubFmlyCd>ESCT</SubFmlyCd></Fmly>
          </Domn>
        </BkTxCd>
        <NtryDtls>
          <TxDtls>
            <Refs>
              <EndToEndId>FACT-NL-2026-04-0123</EndToEndId>
            </Refs>
            <RltdPties>
              <Cdtr><Nm>LEVERANCIER NEDERLAND BV</Nm></Cdtr>
              <CdtrAcct><Id><IBAN>NL52ABNA0541234567</IBAN></Id></CdtrAcct>
            </RltdPties>
          </TxDtls>
        </NtryDtls>
      </Ntry>
      <!-- iDEAL-Eingangsbuchung (über PSP Adyen) -->
      <Ntry>
        <Amt Ccy="EUR">119.50</Amt>
        <CdtDbtInd>CRDT</CdtDbtInd>
        <Sts><Cd>BOOK</Cd></Sts>
        <BookgDt><Dt>2026-04-21</Dt></BookgDt>
        <ValDt><Dt>2026-04-21</Dt></ValDt>
        <BkTxCd>
          <Domn>
            <Cd>PMNT</Cd>
            <Fmly><Cd>RCDT</Cd><SubFmlyCd>ESCT</SubFmlyCd></Fmly>
          </Domn>
          <Prtry>
            <Id>IDEAL</Id>
            <Issr>CURRENCE</Issr>
          </Prtry>
        </BkTxCd>
        <NtryDtls>
          <TxDtls>
            <Refs>
              <EndToEndId>IDEAL-PAY-20260421-1547</EndToEndId>
            </Refs>
            <RltdPties>
              <Dbtr><Nm>EMMA DE VRIES</Nm></Dbtr>
              <DbtrAcct><Id><IBAN>NL18RABO0123456789</IBAN></Id></DbtrAcct>
            </RltdPties>
            <RmtInf>
              <Ustrd>Order #SHOP-2026-1547 — iDEAL Adyen</Ustrd>
            </RmtInf>
          </TxDtls>
        </NtryDtls>
      </Ntry>
    </Stmt>
  </BkToCstmrStmt>
</Document>
