<?xml version="1.0" encoding="UTF-8"?>
<!--
  SEPA SCT — pain.001.001.09 (Customer Credit Transfer Initiation)
  Beispiel: Niederländische Firma überweist an NL-Lieferanten via EBICS (ING).
  NL-Spezifika:
    - IBAN 18-stellig (NL + 2 IBAN-Prüf + 4 Bankcode alphabetisch + 10 KtNr) — kürzeste IBAN im SEPA-Raum
    - BTW-Nummer Format: NL999999999B01 (NL + 9 Ziffern + B + 2 Ziffern)
    - KvK-Nummer 8-stellig
  Quelle: EPC SCT Customer-to-Bank IG, DNB
-->
<Document xmlns="urn:iso:std:iso:20022:tech:xsd:pain.001.001.09">
  <CstmrCdtTrfInitn>
    <GrpHdr>
      <MsgId>SEPA-SCT-NL-2026-0421-0001</MsgId>
      <CreDtTm>2026-04-21T09:00:00Z</CreDtTm>
      <NbOfTxs>1</NbOfTxs>
      <CtrlSum>5670.00</CtrlSum>
      <InitgPty>
        <Nm>VOORBEELD BV</Nm>
        <Id>
          <OrgId>
            <Othr>
              <Id>NL123456789B01</Id>
              <SchmeNm><Cd>BANK</Cd></SchmeNm>
            </Othr>
          </OrgId>
        </Id>
      </InitgPty>
    </GrpHdr>
    <PmtInf>
      <PmtInfId>PMT-NL-SCT-0001</PmtInfId>
      <PmtMtd>TRF</PmtMtd>
      <BtchBookg>true</BtchBookg>
      <NbOfTxs>1</NbOfTxs>
      <CtrlSum>5670.00</CtrlSum>
      <PmtTpInf>
        <SvcLvl><Cd>SEPA</Cd></SvcLvl>
      </PmtTpInf>
      <ReqdExctnDt>
        <Dt>2026-04-22</Dt>
      </ReqdExctnDt>
      <Dbtr>
        <Nm>VOORBEELD BV</Nm>
        <PstlAdr>
          <StrtNm>Herengracht 100</StrtNm>
          <PstCd>1015 BS</PstCd>
          <TwnNm>Amsterdam</TwnNm>
          <Ctry>NL</Ctry>
        </PstlAdr>
        <Id>
          <OrgId>
            <Othr>
              <Id>NL123456789B01</Id>
              <SchmeNm><Cd>BANK</Cd></SchmeNm>
            </Othr>
          </OrgId>
        </Id>
      </Dbtr>
      <DbtrAcct>
        <Id>
          <IBAN>NL91INGB0417164300</IBAN>
        </Id>
        <Ccy>EUR</Ccy>
      </DbtrAcct>
      <DbtrAgt>
        <FinInstnId><BICFI>INGBNL2AXXX</BICFI></FinInstnId>
      </DbtrAgt>
      <ChrgBr>SLEV</ChrgBr>
      <CdtTrfTxInf>
        <PmtId>
          <InstrId>INS-NL-0001</InstrId>
          <EndToEndId>FACT-NL-2026-04-0123</EndToEndId>
        </PmtId>
        <Amt>
          <InstdAmt Ccy="EUR">5670.00</InstdAmt>
        </Amt>
        <CdtrAgt>
          <FinInstnId><BICFI>ABNANL2AXXX</BICFI></FinInstnId>
        </CdtrAgt>
        <Cdtr>
          <Nm>LEVERANCIER NEDERLAND BV</Nm>
          <PstlAdr>
            <StrtNm>Coolsingel 25</StrtNm>
            <PstCd>3012 AD</PstCd>
            <TwnNm>Rotterdam</TwnNm>
            <Ctry>NL</Ctry>
          </PstlAdr>
        </Cdtr>
        <CdtrAcct>
          <Id>
            <IBAN>NL52ABNA0541234567</IBAN>
          </Id>
        </CdtrAcct>
        <RmtInf>
          <Strd>
            <CdtrRefInf>
              <Tp><CdOrPrtry><Cd>SCOR</Cd></CdOrPrtry></Tp>
              <Ref>RF712026040123</Ref>
            </CdtrRefInf>
          </Strd>
        </RmtInf>
      </CdtTrfTxInf>
    </PmtInf>
  </CstmrCdtTrfInitn>
</Document>
