<?xml version="1.0" encoding="UTF-8"?>
<!--
  camt.053.001.08 — Bank-to-Customer Statement (CH / SIC5)
  Seit SIC5 (Nov 2023) ISO-20022-Pflichtformat für alle CH-Banken.
  Ersetzt MT940 und proprietäre CH-Formate.
-->
<Document xmlns="urn:iso:std:iso:20022:tech:xsd:camt.053.001.08">
  <BkToCstmrStmt>
    <GrpHdr>
      <MsgId>CAMT053-CH-2026-0421</MsgId>
      <CreDtTm>2026-04-21T18:30:00+02:00</CreDtTm>
    </GrpHdr>
    <Stmt>
      <Id>STMT-CH-20260421</Id>
      <ElctrncSeqNb>89</ElctrncSeqNb>
      <CreDtTm>2026-04-21T18:30:00+02:00</CreDtTm>
      <Acct>
        <Id>
          <IBAN>CH9300762011623852957</IBAN>
        </Id>
        <Ccy>CHF</Ccy>
        <Svcr>
          <FinInstnId>
            <BICFI>UBSWCHZH80A</BICFI>
            <Nm>UBS Switzerland AG</Nm>
          </FinInstnId>
        </Svcr>
      </Acct>
      <Bal>
        <Tp><CdOrPrtry><Cd>OPBD</Cd></CdOrPrtry></Tp>
        <Amt Ccy="CHF">95420.75</Amt>
        <CdtDbtInd>CRDT</CdtDbtInd>
        <Dt><Dt>2026-04-21</Dt></Dt>
      </Bal>
      <Bal>
        <Tp><CdOrPrtry><Cd>CLBD</Cd></CdOrPrtry></Tp>
        <Amt Ccy="CHF">86670.75</Amt>
        <CdtDbtInd>CRDT</CdtDbtInd>
        <Dt><Dt>2026-04-21</Dt></Dt>
      </Bal>
      <Ntry>
        <Amt Ccy="CHF">8750.00</Amt>
        <CdtDbtInd>DBIT</CdtDbtInd>
        <Sts><Cd>BOOK</Cd></Sts>
        <BookgDt><Dt>2026-04-21</Dt></BookgDt>
        <ValDt><Dt>2026-04-22</Dt></ValDt>
        <BkTxCd>
          <Domn>
            <Cd>PMNT</Cd>
            <Fmly><Cd>ICDT</Cd><SubFmlyCd>DMCT</SubFmlyCd></Fmly>
          </Domn>
        </BkTxCd>
        <NtryDtls>
          <TxDtls>
            <Refs>
              <EndToEndId>RE-2026-0042</EndToEndId>
            </Refs>
            <RltdPties>
              <Cdtr><Nm>Müller Präzisionstechnik GmbH</Nm></Cdtr>
              <CdtrAcct><Id><IBAN>CH4800230023099999999</IBAN></Id></CdtrAcct>
            </RltdPties>
            <RmtInf>
              <Strd>
                <CdtrRefInf>
                  <Ref>210000000003139471430009017</Ref>
                </CdtrRefInf>
              </Strd>
            </RmtInf>
          </TxDtls>
        </NtryDtls>
      </Ntry>
    </Stmt>
  </BkToCstmrStmt>
</Document>
