<?xml version="1.0" encoding="UTF-8"?>
<!--
  SEPA SDD Core — pain.008.001.02 (Customer Direct Debit Initiation)
  DE-Spezifika:
    - Gläubiger-ID (CI) Format: DE + 2 Prüf + ZZZ + 11 nationale ID
    - MndtId + DtOfSgntr für Mandatsreferenz
    - SeqTp: FRST (D-5), RCUR (D-2), OOFF, FNAL
-->
<Document xmlns="urn:iso:std:iso:20022:tech:xsd:pain.008.001.02">
  <CstmrDrctDbtInitn>
    <GrpHdr>
      <MsgId>SEPA-SDD-2026-0421-0001</MsgId>
      <CreDtTm>2026-04-21T08:00:00Z</CreDtTm>
      <NbOfTxs>1</NbOfTxs>
      <CtrlSum>299.00</CtrlSum>
      <InitgPty>
        <Nm>BEISPIEL GMBH</Nm>
      </InitgPty>
    </GrpHdr>
    <PmtInf>
      <PmtInfId>PMT-DE-SDD-0001</PmtInfId>
      <PmtMtd>DD</PmtMtd>
      <NbOfTxs>1</NbOfTxs>
      <CtrlSum>299.00</CtrlSum>
      <PmtTpInf>
        <SvcLvl><Cd>SEPA</Cd></SvcLvl>
        <LclInstrm><Cd>CORE</Cd></LclInstrm>
        <SeqTp>RCUR</SeqTp>
      </PmtTpInf>
      <ReqdColltnDt>2026-04-28</ReqdColltnDt>
      <Cdtr>
        <Nm>BEISPIEL GMBH</Nm>
        <PstlAdr>
          <Ctry>DE</Ctry>
        </PstlAdr>
      </Cdtr>
      <CdtrAcct>
        <Id>
          <IBAN>DE89370400440532013000</IBAN>
        </Id>
      </CdtrAcct>
      <CdtrAgt>
        <FinInstnId><BICFI>COBADEFFXXX</BICFI></FinInstnId>
      </CdtrAgt>
      <CdtrSchmeId>
        <Id>
          <PrvtId>
            <Othr>
              <Id>DE98ZZZ09999999999</Id>
              <SchmeNm><Prtry>SEPA</Prtry></SchmeNm>
            </Othr>
          </PrvtId>
        </Id>
      </CdtrSchmeId>
      <DrctDbtTxInf>
        <PmtId>
          <EndToEndId>ABO-2026-04-MUELLER</EndToEndId>
        </PmtId>
        <InstdAmt Ccy="EUR">299.00</InstdAmt>
        <DrctDbtTx>
          <MndtRltdInf>
            <MndtId>MNDT-2024-MUELLER-001</MndtId>
            <DtOfSgntr>2024-06-15</DtOfSgntr>
          </MndtRltdInf>
        </DrctDbtTx>
        <DbtrAgt>
          <FinInstnId><BICFI>DEUTDEFFXXX</BICFI></FinInstnId>
        </DbtrAgt>
        <Dbtr>
          <Nm>HANS MÜLLER</Nm>
          <PstlAdr>
            <Ctry>DE</Ctry>
          </PstlAdr>
        </Dbtr>
        <DbtrAcct>
          <Id>
            <IBAN>DE27100777770209299700</IBAN>
          </Id>
        </DbtrAcct>
        <RmtInf>
          <Ustrd>Monatsabo April 2026 — Kundennr. K-4711</Ustrd>
        </RmtInf>
      </DrctDbtTxInf>
    </PmtInf>
  </CstmrDrctDbtInitn>
</Document>
