{1:F01SBININBBAXXX0000000000}
{2:O9400000260421SBININBBAXXX00000000002604210000N}
{3:{108:MT940-IN-0421}}
{4:
:20:STMT-IN-20260421
:25:SBIN0001234/50100123456789
:28C:156/1
:60F:C260421INR8750000,00
:61:2604210422D875000,00NTRFRE-2026-04-0042//NEFT-2026042100123
MUELLER MASCHINENBAU GMBH
:86:NEFT Payment — Invoice INV-2026-04-0042 Machine Parts Q2/2026
IFSC: HDFC0000123 AccNr: 12340987654321
Ref: NEFT-2026042100123
:61:2604210421C1250000,00NTRFINV-2026-03-0099//RTGS-2026042100456
TATA MOTORS LIMITED
:86:RTGS Inward — Payment for Auto Components
IFSC: UTIB0000456 AccNr: 918010012345678
Purpose: P0103 Goods Trade
:62F:C260421INR9125000,00
:64:C260421INR9125000,00
-}
