VOL1BACS01                                         BEISPIEL UK LTD                    1
HDR1A BACS01  BACS01S0001     0001 260421 260421 000000IBM STANDARD LABEL               1
HDR2F0200001000                                                                         1
UHL10260422999999   000001DAILY  001                                                    0
0160130012345678BEISPIELUKLTD   601613319268191000000015750000RE-2026-0042 MUELL99       0
0160130098765432BEISPIELUKLTD   400000448901230100000000420000RE-2026-0043 SMITH99       0
EOF1A BACS01  BACS01S0001     0001 260421 260421                                        1
UTL10000000002000000002017000000000001975000000000000000000                              0
