<?xml version="1.0" encoding="UTF-8"?>
<!--
  camt.053.001.08 — Bank-to-Customer Statement (Tagesauszug)
  FR-Kontext: Via EBICS Auftragsart C53 von BNP Paribas empfangen.
  Ersetzt CFONB 120 (Legacy 120-Char Flat-File).
-->
<Document xmlns="urn:iso:std:iso:20022:tech:xsd:camt.053.001.08">
  <BkToCstmrStmt>
    <GrpHdr>
      <MsgId>CAMT053-FR-2026-0421</MsgId>
      <CreDtTm>2026-04-21T18:00:00Z</CreDtTm>
    </GrpHdr>
    <Stmt>
      <Id>STMT-FR-20260421</Id>
      <ElctrncSeqNb>56</ElctrncSeqNb>
      <CreDtTm>2026-04-21T18:00:00Z</CreDtTm>
      <Acct>
        <Id>
          <IBAN>FR1420041010050500013M02606</IBAN>
        </Id>
        <Ccy>EUR</Ccy>
        <Svcr>
          <FinInstnId><BICFI>BNPAFRPPXXX</BICFI></FinInstnId>
        </Svcr>
      </Acct>
      <Bal>
        <Tp><CdOrPrtry><Cd>OPBD</Cd></CdOrPrtry></Tp>
        <Amt Ccy="EUR">203450.00</Amt>
        <CdtDbtInd>CRDT</CdtDbtInd>
        <Dt><Dt>2026-04-21</Dt></Dt>
      </Bal>
      <Bal>
        <Tp><CdOrPrtry><Cd>CLBD</Cd></CdOrPrtry></Tp>
        <Amt Ccy="EUR">191150.00</Amt>
        <CdtDbtInd>CRDT</CdtDbtInd>
        <Dt><Dt>2026-04-21</Dt></Dt>
      </Bal>
      <Ntry>
        <Amt Ccy="EUR">12300.00</Amt>
        <CdtDbtInd>DBIT</CdtDbtInd>
        <Sts><Cd>BOOK</Cd></Sts>
        <BookgDt><Dt>2026-04-21</Dt></BookgDt>
        <ValDt><Dt>2026-04-22</Dt></ValDt>
        <BkTxCd>
          <Domn>
            <Cd>PMNT</Cd>
            <Fmly><Cd>ICDT</Cd><SubFmlyCd>ESCT</SubFmlyCd></Fmly>
          </Domn>
        </BkTxCd>
        <NtryDtls>
          <TxDtls>
            <Refs>
              <EndToEndId>FACT-2026-04-0089</EndToEndId>
            </Refs>
            <RltdPties>
              <Cdtr><Nm>FOURNISSEUR INDUSTRIE SAS</Nm></Cdtr>
              <CdtrAcct><Id><IBAN>FR7630003035400002030500049</IBAN></Id></CdtrAcct>
            </RltdPties>
            <RmtInf>
              <Strd>
                <CdtrRefInf>
                  <Ref>RF182026040089</Ref>
                </CdtrRefInf>
              </Strd>
            </RmtInf>
          </TxDtls>
        </NtryDtls>
      </Ntry>
    </Stmt>
  </BkToCstmrStmt>
</Document>
