<?xml version="1.0" encoding="UTF-8"?>
<!--
  SEPA SDD Core — pain.008.001.02 (Customer Direct Debit Initiation)
  FR-Spezifika:
    - Gläubiger-ID (CI/ICS) Format: FR + 2 IBAN-Prüf + ZZZ + 11 nationale ID
    - In FR auch ICS (Identifiant Créancier SEPA) genannt
  Quelle: EPC SDD Core Rulebook, Banque de France
-->
<Document xmlns="urn:iso:std:iso:20022:tech:xsd:pain.008.001.02">
  <CstmrDrctDbtInitn>
    <GrpHdr>
      <MsgId>SEPA-SDD-FR-2026-0421-0001</MsgId>
      <CreDtTm>2026-04-21T08:00:00Z</CreDtTm>
      <NbOfTxs>1</NbOfTxs>
      <CtrlSum>129.00</CtrlSum>
      <InitgPty>
        <Nm>EXEMPLE SARL</Nm>
      </InitgPty>
    </GrpHdr>
    <PmtInf>
      <PmtInfId>PMT-FR-SDD-0001</PmtInfId>
      <PmtMtd>DD</PmtMtd>
      <NbOfTxs>1</NbOfTxs>
      <CtrlSum>129.00</CtrlSum>
      <PmtTpInf>
        <SvcLvl><Cd>SEPA</Cd></SvcLvl>
        <LclInstrm><Cd>CORE</Cd></LclInstrm>
        <SeqTp>RCUR</SeqTp>
      </PmtTpInf>
      <ReqdColltnDt>2026-04-28</ReqdColltnDt>
      <Cdtr>
        <Nm>EXEMPLE SARL</Nm>
        <PstlAdr>
          <Ctry>FR</Ctry>
        </PstlAdr>
      </Cdtr>
      <CdtrAcct>
        <Id>
          <IBAN>FR1420041010050500013M02606</IBAN>
        </Id>
      </CdtrAcct>
      <CdtrAgt>
        <FinInstnId><BICFI>BNPAFRPPXXX</BICFI></FinInstnId>
      </CdtrAgt>
      <CdtrSchmeId>
        <Id>
          <PrvtId>
            <Othr>
              <Id>FR65ZZZ123456</Id>
              <SchmeNm><Prtry>SEPA</Prtry></SchmeNm>
            </Othr>
          </PrvtId>
        </Id>
      </CdtrSchmeId>
      <DrctDbtTxInf>
        <PmtId>
          <EndToEndId>ABO-2026-04-DUBOIS</EndToEndId>
        </PmtId>
        <InstdAmt Ccy="EUR">129.00</InstdAmt>
        <DrctDbtTx>
          <MndtRltdInf>
            <MndtId>MNDT-FR-2024-DUBOIS-001</MndtId>
            <DtOfSgntr>2024-11-03</DtOfSgntr>
          </MndtRltdInf>
        </DrctDbtTx>
        <DbtrAgt>
          <FinInstnId><BICFI>SOGEFRPPXXX</BICFI></FinInstnId>
        </DbtrAgt>
        <Dbtr>
          <Nm>PIERRE DUBOIS</Nm>
          <PstlAdr>
            <Ctry>FR</Ctry>
          </PstlAdr>
        </Dbtr>
        <DbtrAcct>
          <Id>
            <IBAN>FR7630003035400002030500049</IBAN>
          </Id>
        </DbtrAcct>
        <RmtInf>
          <Ustrd>Abonnement avril 2026 — Réf. client C-9112</Ustrd>
        </RmtInf>
      </DrctDbtTxInf>
    </PmtInf>
  </CstmrDrctDbtInitn>
</Document>
