<?xml version="1.0" encoding="UTF-8"?>
<!--
  camt.053.001.08 — Bank-to-Customer Statement, IT-spezifische Variante.
  Beispiel-Auszug einer italienischen Hausbank (Intesa Sanpaolo) mit:
    - BkTxCd-Codes der italienischen Banken
    - RIBA-Eingangsbuchung (Btch/Ntry für Lastschrift-Einreichung)
    - SEPA-Überweisung mit RmtInf inkl. SDI-Rechnungsreferenz
-->
<Document xmlns="urn:iso:std:iso:20022:tech:xsd:camt.053.001.08">
  <BkToCstmrStmt>
    <GrpHdr>
      <MsgId>ISP-STMT-2026-0414-001</MsgId>
      <CreDtTm>2026-04-14T22:00:00</CreDtTm>
      <MsgRcpt>
        <Nm>ESEMPIO S.R.L.</Nm>
      </MsgRcpt>
    </GrpHdr>
    <Stmt>
      <Id>STMT-IT-2026-04-14</Id>
      <CreDtTm>2026-04-14T22:00:00</CreDtTm>
      <Acct>
        <Id>
          <IBAN>IT60X0542811101000000123456</IBAN>
        </Id>
        <Ccy>EUR</Ccy>
        <Ownr>
          <Nm>ESEMPIO S.R.L.</Nm>
        </Ownr>
        <Svcr>
          <FinInstnId>
            <BIC>BCITITMM</BIC>
            <Nm>Intesa Sanpaolo S.p.A.</Nm>
          </FinInstnId>
        </Svcr>
      </Acct>
      <Bal>
        <Tp><CdOrPrtry><Cd>OPBD</Cd></CdOrPrtry></Tp>
        <Amt Ccy="EUR">15000.00</Amt>
        <CdtDbtInd>CRDT</CdtDbtInd>
        <Dt><Dt>2026-04-14</Dt></Dt>
      </Bal>
      <Bal>
        <Tp><CdOrPrtry><Cd>CLBD</Cd></CdOrPrtry></Tp>
        <Amt Ccy="EUR">16220.00</Amt>
        <CdtDbtInd>CRDT</CdtDbtInd>
        <Dt><Dt>2026-04-14</Dt></Dt>
      </Bal>
      <Ntry>
        <Amt Ccy="EUR">1220.00</Amt>
        <CdtDbtInd>CRDT</CdtDbtInd>
        <Sts><Cd>BOOK</Cd></Sts>
        <BookgDt><Dt>2026-04-14</Dt></BookgDt>
        <ValDt><Dt>2026-04-14</Dt></ValDt>
        <BkTxCd>
          <Domn>
            <Cd>PMNT</Cd>
            <Fmly><Cd>RCDT</Cd><SubFmlyCd>ESCT</SubFmlyCd></Fmly>
          </Domn>
          <Prtry>
            <Cd>26/-/26</Cd>
            <Issr>ISP</Issr>
          </Prtry>
        </BkTxCd>
        <NtryDtls>
          <TxDtls>
            <Refs>
              <EndToEndId>SDI-2026-0042-20260414</EndToEndId>
            </Refs>
            <RltdPties>
              <Dbtr>
                <Pty><Nm>CLIENTE S.P.A.</Nm></Pty>
              </Dbtr>
            </RltdPties>
            <RmtInf>
              <Strd>
                <RfrdDocInf>
                  <Tp><CdOrPrtry><Cd>CINV</Cd></CdOrPrtry></Tp>
                  <Nb>2026/0042</Nb>
                </RfrdDocInf>
              </Strd>
            </RmtInf>
          </TxDtls>
        </NtryDtls>
      </Ntry>
      <Ntry>
        <Amt Ccy="EUR">560.00</Amt>
        <CdtDbtInd>CRDT</CdtDbtInd>
        <Sts><Cd>BOOK</Cd></Sts>
        <BookgDt><Dt>2026-04-14</Dt></BookgDt>
        <BkTxCd>
          <Prtry>
            <Cd>RIBA-CR</Cd>
            <Issr>ISP</Issr>
          </Prtry>
        </BkTxCd>
        <AddtlNtryInf>Incasso RIBA scadenza 14/04/2026 cliente FORNITORE S.P.A.</AddtlNtryInf>
      </Ntry>
    </Stmt>
  </BkToCstmrStmt>
</Document>
