<?xml version="1.0" encoding="UTF-8"?>
<!-- camt.053.001.09 — BankToCustomerStatement (End-of-Day / ISO 20022)            -->
<!-- End-of-day account statement. BICFI, structured PostalAddress24, UETR in      -->
<!-- transaction references, RltdPties with addresses, structured remittance.       -->
<!-- Balance types: OPBD (opening booked), CLBD (closing booked), CLAV (available).-->
<Document xmlns="urn:iso:std:iso:20022:tech:xsd:camt.053.001.09"
          xmlns:xsi="http://www.w3.org/2001/XMLSchema-instance"
          xsi:schemaLocation="urn:iso:std:iso:20022:tech:xsd:camt.053.001.09 camt.053.001.09.xsd">
  <BkToCstmrStmt>
    <GrpHdr>
      <MsgId>STMT-20260413-09-001</MsgId>
      <CreDtTm>2026-04-13T23:59:00</CreDtTm>
      <AddtlInf>End-of-Day Statement - 2026-04-13</AddtlInf>
      <MsgPgntn>
        <PgNb>1</PgNb>
        <LastPgInd>true</LastPgInd>
      </MsgPgntn>
    </GrpHdr>
    <Stmt>
      <Id>STMTID-20260413-09-001</Id>
      <ElctrncSeqNb>42</ElctrncSeqNb>
      <LglSeqNb>42</LglSeqNb>
      <CreDtTm>2026-04-13T23:59:00</CreDtTm>
      <FrToDt>
        <FrDtTm>2026-04-13T00:00:00</FrDtTm>
        <ToDtTm>2026-04-13T23:59:59</ToDtTm>
      </FrToDt>
      <Acct>
        <Id>
          <IBAN>DE89370400440532013000</IBAN>
        </Id>
        <Ccy>EUR</Ccy>
        <Nm>Hauptkonto Test Debtor GmbH</Nm>
        <Ownr>
          <Nm>Test Debtor GmbH</Nm>
          <PstlAdr>
            <StrtNm>Teststraße</StrtNm>
            <BldgNb>1</BldgNb>
            <PstCd>90401</PstCd>
            <TwnNm>Nürnberg</TwnNm>
            <CtrySubDvsn>Bayern</CtrySubDvsn>
            <Ctry>DE</Ctry>
          </PstlAdr>
          <Id>
            <OrgId>
              <LEI>5493001KJTIIGC8Y1R12</LEI>
            </OrgId>
          </Id>
        </Ownr>
        <Svcr>
          <FinInstnId>
            <BICFI>COBADEFFXXX</BICFI>
            <Nm>Commerzbank AG</Nm>
            <PstlAdr>
              <StrtNm>Kaiserplatz</StrtNm>
              <BldgNb>1</BldgNb>
              <PstCd>60311</PstCd>
              <TwnNm>Frankfurt am Main</TwnNm>
              <Ctry>DE</Ctry>
            </PstlAdr>
          </FinInstnId>
        </Svcr>
      </Acct>
      <!-- OPBD: Opening Booked Balance (start of day) -->
      <Bal>
        <Tp>
          <CdOrPrtry>
            <Cd>OPBD</Cd>
          </CdOrPrtry>
        </Tp>
        <Amt Ccy="EUR">5000.00</Amt>
        <CdtDbtInd>CRDT</CdtDbtInd>
        <Dt>
          <DtTm>2026-04-13T00:00:00</DtTm>
        </Dt>
      </Bal>
      <!-- CLBD: Closing Booked Balance (end of day) -->
      <Bal>
        <Tp>
          <CdOrPrtry>
            <Cd>CLBD</Cd>
          </CdOrPrtry>
        </Tp>
        <Amt Ccy="EUR">5150.00</Amt>
        <CdtDbtInd>CRDT</CdtDbtInd>
        <Dt>
          <DtTm>2026-04-13T23:59:59</DtTm>
        </Dt>
      </Bal>
      <!-- CLAV: Closing Available Balance (including T+1 items) -->
      <Bal>
        <Tp>
          <CdOrPrtry>
            <Cd>CLAV</Cd>
          </CdOrPrtry>
        </Tp>
        <Amt Ccy="EUR">5150.00</Amt>
        <CdtDbtInd>CRDT</CdtDbtInd>
        <Dt>
          <DtTm>2026-04-13T23:59:59</DtTm>
        </Dt>
      </Bal>
      <TxsSummry>
        <TtlNtries>
          <NbOfNtries>2</NbOfNtries>
          <Sum>450.00</Sum>
        </TtlNtries>
        <TtlCdtNtries>
          <NbOfNtries>1</NbOfNtries>
          <Sum>350.00</Sum>
        </TtlCdtNtries>
        <TtlDbtNtries>
          <NbOfNtries>1</NbOfNtries>
          <Sum>100.00</Sum>
        </TtlDbtNtries>
      </TxsSummry>
      <!-- Credit entry: incoming SEPA payment from customer -->
      <Ntry>
        <Amt Ccy="EUR">350.00</Amt>
        <CdtDbtInd>CRDT</CdtDbtInd>
        <Sts>
          <Cd>BOOK</Cd>
        </Sts>
        <BookgDt>
          <DtTm>2026-04-13T14:20:00</DtTm>
        </BookgDt>
        <ValDt>
          <Dt>2026-04-13</Dt>
        </ValDt>
        <AcctSvcrRef>BANKREF20260413-09-STMT-001</AcctSvcrRef>
        <BkTxCd>
          <Domn>
            <Cd>PMTS</Cd>
            <Fmly>
              <Cd>ICDT</Cd>
              <SubFmlyCd>ESCT</SubFmlyCd>
            </Fmly>
          </Domn>
          <Prtry>
            <Cd>SEPA-SCT</Cd>
            <Issr>COBADEFFXXX</Issr>
          </Prtry>
        </BkTxCd>
        <NtryDtls>
          <TxDtls>
            <Refs>
              <MsgId>MSGID-20260413-09-001</MsgId>
              <EndToEndId>E2EID-20260413-09-001</EndToEndId>
              <UETR>a1b2c3d4-e5f6-7890-abcd-ef1234567809</UETR>
            </Refs>
            <Amt Ccy="EUR">350.00</Amt>
            <CdtDbtInd>CRDT</CdtDbtInd>
            <BkTxCd>
              <Domn>
                <Cd>PMTS</Cd>
                <Fmly>
                  <Cd>ICDT</Cd>
                  <SubFmlyCd>ESCT</SubFmlyCd>
                </Fmly>
              </Domn>
            </BkTxCd>
            <RltdPties>
              <Dbtr>
                <Pty>
                  <Nm>Kunde XY GmbH</Nm>
                  <PstlAdr>
                    <StrtNm>Kundenstraße</StrtNm>
                    <BldgNb>7</BldgNb>
                    <PstCd>80333</PstCd>
                    <TwnNm>München</TwnNm>
                    <Ctry>DE</Ctry>
                  </PstlAdr>
                </Pty>
              </Dbtr>
              <DbtrAcct>
                <Id>
                  <IBAN>DE12500105170648489890</IBAN>
                </Id>
              </DbtrAcct>
            </RltdPties>
            <RltdAgts>
              <DbtrAgt>
                <FinInstnId>
                  <BICFI>SSKMDEMMXXX</BICFI>
                  <Nm>Stadtsparkasse München</Nm>
                </FinInstnId>
              </DbtrAgt>
            </RltdAgts>
            <Purp>
              <Cd>SUPP</Cd>
            </Purp>
            <RmtInf>
              <Strd>
                <CdtrRefInf>
                  <Tp>
                    <CdOrPrtry>
                      <Cd>SCOR</Cd>
                    </CdOrPrtry>
                  </Tp>
                  <Ref>INV2026-09-001</Ref>
                </CdtrRefInf>
              </Strd>
            </RmtInf>
          </TxDtls>
        </NtryDtls>
      </Ntry>
      <!-- Debit entry: outgoing SEPA transfer to supplier -->
      <Ntry>
        <Amt Ccy="EUR">100.00</Amt>
        <CdtDbtInd>DBIT</CdtDbtInd>
        <Sts>
          <Cd>BOOK</Cd>
        </Sts>
        <BookgDt>
          <DtTm>2026-04-13T16:45:00</DtTm>
        </BookgDt>
        <ValDt>
          <Dt>2026-04-13</Dt>
        </ValDt>
        <AcctSvcrRef>BANKREF20260413-09-STMT-002</AcctSvcrRef>
        <BkTxCd>
          <Domn>
            <Cd>PMTS</Cd>
            <Fmly>
              <Cd>ICDT</Cd>
              <SubFmlyCd>ESCT</SubFmlyCd>
            </Fmly>
          </Domn>
        </BkTxCd>
        <NtryDtls>
          <TxDtls>
            <Refs>
              <MsgId>MSGID-20260413-09-002</MsgId>
              <EndToEndId>E2EID-20260413-09-002</EndToEndId>
              <UETR>b2c3d4e5-f6a7-8901-bcde-f01234567810</UETR>
            </Refs>
            <Amt Ccy="EUR">100.00</Amt>
            <CdtDbtInd>DBIT</CdtDbtInd>
            <BkTxCd>
              <Domn>
                <Cd>PMTS</Cd>
                <Fmly>
                  <Cd>ICDT</Cd>
                  <SubFmlyCd>ESCT</SubFmlyCd>
                </Fmly>
              </Domn>
            </BkTxCd>
            <RltdPties>
              <Cdtr>
                <Pty>
                  <Nm>Lieferant ABC AG</Nm>
                  <PstlAdr>
                    <StrtNm>Lieferantenweg</StrtNm>
                    <BldgNb>12</BldgNb>
                    <PstCd>20095</PstCd>
                    <TwnNm>Hamburg</TwnNm>
                    <Ctry>DE</Ctry>
                  </PstlAdr>
                </Pty>
              </Cdtr>
              <CdtrAcct>
                <Id>
                  <IBAN>DE27200400600059731800</IBAN>
                </Id>
              </CdtrAcct>
            </RltdPties>
            <RltdAgts>
              <CdtrAgt>
                <FinInstnId>
                  <BICFI>DEUTDEHHXXX</BICFI>
                  <Nm>Deutsche Bank Hamburg</Nm>
                </FinInstnId>
              </CdtrAgt>
            </RltdAgts>
            <RmtInf>
              <Ustrd>Lieferantenrechnung LR-2026-007 vom 2026-04-01</Ustrd>
            </RmtInf>
          </TxDtls>
        </NtryDtls>
      </Ntry>
    </Stmt>
  </BkToCstmrStmt>
</Document>
