<?xml version="1.0" encoding="UTF-8"?>
<!-- pain.008.001.10 — CustomerDirectDebitInitiation (ISO 20022, 2023)             -->
<!-- AddtlRmtInf in Strd block. Full structured address, BICFI, LEI, Proxy.        -->
<!-- B2B example — no unconditional refund right, shorter pre-notification period. -->
<Document xmlns="urn:iso:std:iso:20022:tech:xsd:pain.008.001.10"
          xmlns:xsi="http://www.w3.org/2001/XMLSchema-instance"
          xsi:schemaLocation="urn:iso:std:iso:20022:tech:xsd:pain.008.001.10 pain.008.001.10.xsd">
  <CstmrDrctDbtInitn>
    <GrpHdr>
      <MsgId>DDMSG-20260413-10-001</MsgId>
      <CreDtTm>2026-04-13T09:00:00</CreDtTm>
      <NbOfTxs>1</NbOfTxs>
      <CtrlSum>100.00</CtrlSum>
      <InitgPty>
        <Nm>Test Creditor AG</Nm>
        <PstlAdr>
          <StrtNm>Empfängerstraße</StrtNm>
          <BldgNb>5</BldgNb>
          <PstCd>10115</PstCd>
          <TwnNm>Berlin</TwnNm>
          <CtrySubDvsn>Berlin</CtrySubDvsn>
          <Ctry>DE</Ctry>
        </PstlAdr>
        <Id>
          <OrgId>
            <LEI>7654321ABCDEFGH12345</LEI>
          </OrgId>
        </Id>
      </InitgPty>
    </GrpHdr>
    <PmtInf>
      <PmtInfId>DDPMTINF-20260413-10-001</PmtInfId>
      <PmtMtd>DD</PmtMtd>
      <BtchBookg>false</BtchBookg>
      <NbOfTxs>1</NbOfTxs>
      <CtrlSum>100.00</CtrlSum>
      <PmtTpInf>
        <SvcLvl>
          <Cd>SEPA</Cd>
        </SvcLvl>
        <!-- B2B: Business Direct Debit — no unconditional refund right -->
        <LclInstrm>
          <Cd>B2B</Cd>
        </LclInstrm>
        <SeqTp>RCUR</SeqTp>
      </PmtTpInf>
      <!-- B2B minimum pre-notification: T+1 before collection -->
      <ReqdColltnDt>2026-04-15</ReqdColltnDt>
      <Cdtr>
        <Nm>Test Creditor AG</Nm>
        <PstlAdr>
          <StrtNm>Empfängerstraße</StrtNm>
          <BldgNb>5</BldgNb>
          <PstCd>10115</PstCd>
          <TwnNm>Berlin</TwnNm>
          <CtrySubDvsn>Berlin</CtrySubDvsn>
          <Ctry>DE</Ctry>
        </PstlAdr>
        <Id>
          <OrgId>
            <LEI>7654321ABCDEFGH12345</LEI>
          </OrgId>
        </Id>
      </Cdtr>
      <CdtrAcct>
        <Id>
          <IBAN>DE75512108001245126199</IBAN>
        </Id>
        <Ccy>EUR</Ccy>
        <Nm>Inkasso-Konto</Nm>
      </CdtrAcct>
      <CdtrAgt>
        <FinInstnId>
          <BICFI>DEUTDEDBXXX</BICFI>
          <Nm>Deutsche Bank AG</Nm>
          <PstlAdr>
            <StrtNm>Taunusanlage</StrtNm>
            <BldgNb>12</BldgNb>
            <PstCd>60325</PstCd>
            <TwnNm>Frankfurt am Main</TwnNm>
            <Ctry>DE</Ctry>
          </PstlAdr>
        </FinInstnId>
      </CdtrAgt>
      <CdtrSchmeId>
        <Id>
          <PrvtId>
            <Othr>
              <Id>DE98ZZZ09999999999</Id>
              <SchmeNm>
                <Prtry>SEPA</Prtry>
              </SchmeNm>
            </Othr>
          </PrvtId>
        </Id>
      </CdtrSchmeId>
      <DrctDbtTxInf>
        <PmtId>
          <InstrId>DDINSTRID-10-001</InstrId>
          <EndToEndId>DDEE-20260413-10-001</EndToEndId>
        </PmtId>
        <InstdAmt Ccy="EUR">100.00</InstdAmt>
        <DrctDbtTx>
          <MndtRltdInf>
            <MndtId>MNDTID-2025-10-001</MndtId>
            <DtOfSgntr>2025-01-10</DtOfSgntr>
            <AmdmntInd>false</AmdmntInd>
          </MndtRltdInf>
        </DrctDbtTx>
        <UltmtCdtr>
          <Nm>Konzern Holding AG</Nm>
          <Id>
            <OrgId>
              <LEI>3358001KJTIIGC8Y1R99</LEI>
            </OrgId>
          </Id>
        </UltmtCdtr>
        <DbtrAgt>
          <FinInstnId>
            <BICFI>COBADEFFXXX</BICFI>
            <Nm>Commerzbank AG</Nm>
            <PstlAdr>
              <StrtNm>Kaiserplatz</StrtNm>
              <BldgNb>1</BldgNb>
              <PstCd>60311</PstCd>
              <TwnNm>Frankfurt am Main</TwnNm>
              <Ctry>DE</Ctry>
            </PstlAdr>
          </FinInstnId>
        </DbtrAgt>
        <Dbtr>
          <Nm>Test Debtor GmbH</Nm>
          <PstlAdr>
            <StrtNm>Teststraße</StrtNm>
            <BldgNb>1</BldgNb>
            <PstCd>90401</PstCd>
            <TwnNm>Nürnberg</TwnNm>
            <CtrySubDvsn>Bayern</CtrySubDvsn>
            <Ctry>DE</Ctry>
          </PstlAdr>
          <Id>
            <OrgId>
              <LEI>5493001KJTIIGC8Y1R12</LEI>
            </OrgId>
          </Id>
        </Dbtr>
        <DbtrAcct>
          <Id>
            <IBAN>DE89370400440532013000</IBAN>
          </Id>
          <Nm>Geschäftskonto</Nm>
          <Prxy>
            <Tp>
              <Cd>EMAL</Cd>
            </Tp>
            <Id>debtor@testdebtor.de</Id>
          </Prxy>
        </DbtrAcct>
        <Purp>
          <Cd>SUPP</Cd>
        </Purp>
        <RmtInf>
          <Strd>
            <CdtrRefInf>
              <Tp>
                <CdOrPrtry>
                  <Cd>SCOR</Cd>
                </CdOrPrtry>
              </Tp>
              <Ref>DDREF-2026-10-001</Ref>
            </CdtrRefInf>
            <!-- .10+: AddtlRmtInf in Strd block -->
            <AddtlRmtInf>B2B Abbuchung - Wartungsvertrag 2026 - Monat April</AddtlRmtInf>
          </Strd>
        </RmtInf>
      </DrctDbtTxInf>
    </PmtInf>
    <SplmtryData>
      <Envlp>
        <Nmspc>
          <Id>BankExt</Id>
        </Nmspc>
      </Envlp>
    </SplmtryData>
  </CstmrDrctDbtInitn>
</Document>
