<?xml version="1.0" encoding="UTF-8"?>
<!-- pain.001.001.11 — Credit Transfer Initiation (ISO 20022, 2022)           -->
<!-- Minor revision vs .10. Key additions: CardTransaction supplementary data, -->
<!-- enhanced RemittanceInformation (AddtlRmtInf in Strd block), extended Rmt  -->
<!-- location info. Structured address same as .09/.10 — no new fields.        -->
<Document xmlns="urn:iso:std:iso:20022:tech:xsd:pain.001.001.11"
          xmlns:xsi="http://www.w3.org/2001/XMLSchema-instance"
          xsi:schemaLocation="urn:iso:std:iso:20022:tech:xsd:pain.001.001.11 pain.001.001.11.xsd">
  <CstmrCdtTrfInitn>
    <GrpHdr>
      <MsgId>MSGID-20260413-11-001</MsgId>
      <CreDtTm>2026-04-13T10:00:00</CreDtTm>
      <NbOfTxs>1</NbOfTxs>
      <CtrlSum>12750.00</CtrlSum>
      <InitgPty>
        <Nm>Test Debtor GmbH</Nm>
        <Id>
          <OrgId>
            <LEI>5493001KJTIIGC8Y1R12</LEI>
          </OrgId>
        </Id>
      </InitgPty>
    </GrpHdr>
    <PmtInf>
      <PmtInfId>PMTINF-20260413-11-001</PmtInfId>
      <PmtMtd>TRF</PmtMtd>
      <NbOfTxs>1</NbOfTxs>
      <CtrlSum>12750.00</CtrlSum>
      <PmtTpInf>
        <SvcLvl>
          <Cd>SEPA</Cd>
        </SvcLvl>
      </PmtTpInf>
      <ReqdExctnDt>
        <Dt>2026-04-14</Dt>
      </ReqdExctnDt>
      <Dbtr>
        <Nm>Test Debtor GmbH</Nm>
        <!-- Structured address unchanged from .09/.10 (PostalAddress24) -->
        <PstlAdr>
          <StrtNm>Teststraße</StrtNm>
          <BldgNb>1</BldgNb>
          <PstCd>90401</PstCd>
          <TwnNm>Nürnberg</TwnNm>
          <Ctry>DE</Ctry>
        </PstlAdr>
        <Id>
          <OrgId>
            <LEI>5493001KJTIIGC8Y1R12</LEI>
          </OrgId>
        </Id>
      </Dbtr>
      <DbtrAcct>
        <Id>
          <IBAN>DE89370400440532013000</IBAN>
        </Id>
        <Ccy>EUR</Ccy>
      </DbtrAcct>
      <DbtrAgt>
        <FinInstnId>
          <BICFI>COBADEFFXXX</BICFI>
        </FinInstnId>
      </DbtrAgt>
      <CdtTrfTxInf>
        <PmtId>
          <InstrId>INSTRID-11-001</InstrId>
          <EndToEndId>E2EID-20260413-11-001</EndToEndId>
          <UETR>c3d4e5f6-a7b8-9012-cdef-012345678902</UETR>
        </PmtId>
        <Amt>
          <InstdAmt Ccy="EUR">12750.00</InstdAmt>
        </Amt>
        <ChrgBr>SLEV</ChrgBr>
        <CdtrAgt>
          <FinInstnId>
            <BICFI>DEUTDEDBXXX</BICFI>
          </FinInstnId>
        </CdtrAgt>
        <Cdtr>
          <Nm>Test Creditor AG</Nm>
          <PstlAdr>
            <StrtNm>Empfängerstraße</StrtNm>
            <BldgNb>5</BldgNb>
            <PstCd>10115</PstCd>
            <TwnNm>Berlin</TwnNm>
            <Ctry>DE</Ctry>
          </PstlAdr>
        </Cdtr>
        <CdtrAcct>
          <Id>
            <IBAN>DE75512108001245126199</IBAN>
          </Id>
        </CdtrAcct>
        <Purp>
          <Cd>SUPP</Cd>
        </Purp>
        <RmtInf>
          <Strd>
            <CdtrRefInf>
              <Tp>
                <CdOrPrtry>
                  <Cd>SCOR</Cd>
                </CdOrPrtry>
              </Tp>
              <Ref>INV2026-11-001</Ref>
            </CdtrRefInf>
            <!-- .11 NEW: AddtlRmtInf within Strd block (enhanced remittance) -->
            <AddtlRmtInf>Bestellung 2026-B-0047 - Teillieferung 2 von 3</AddtlRmtInf>
          </Strd>
        </RmtInf>
      </CdtTrfTxInf>
    </PmtInf>
    <!-- .11: CardTransaction supplementary block for card-initiated credit transfers -->
    <SplmtryData>
      <Envlp>
        <Nmspc>
          <Id>CardTxnExt</Id>
        </Nmspc>
      </Envlp>
    </SplmtryData>
  </CstmrCdtTrfInitn>
</Document>
