<?xml version="1.0" encoding="UTF-8"?>
<!-- pain.008.001.05 — CustomerDirectDebitInitiation (ISO 20022, 2017)             -->
<!-- OOFF (One-Off) mandate scenario — single collection, mandate expires after.   -->
<!-- BIC (not BICFI). ElctrncSgntr field for e-mandate. Strd RmtInf with SCOR.    -->
<Document xmlns="urn:iso:std:iso:20022:tech:xsd:pain.008.001.05"
          xmlns:xsi="http://www.w3.org/2001/XMLSchema-instance"
          xsi:schemaLocation="urn:iso:std:iso:20022:tech:xsd:pain.008.001.05 pain.008.001.05.xsd">
  <CstmrDrctDbtInitn>
    <GrpHdr>
      <MsgId>DDMSG-20260413-05-001</MsgId>
      <CreDtTm>2026-04-13T09:00:00</CreDtTm>
      <NbOfTxs>1</NbOfTxs>
      <CtrlSum>100.00</CtrlSum>
      <InitgPty>
        <Nm>Test Creditor AG</Nm>
        <PstlAdr>
          <Ctry>DE</Ctry>
          <AdrLine>Empfängerstraße 5</AdrLine>
          <AdrLine>10115 Berlin</AdrLine>
        </PstlAdr>
        <Id>
          <OrgId>
            <Othr>
              <Id>HRB-123456-B</Id>
              <SchmeNm>
                <Cd>COID</Cd>
              </SchmeNm>
            </Othr>
          </OrgId>
        </Id>
      </InitgPty>
    </GrpHdr>
    <PmtInf>
      <PmtInfId>DDPMTINF-20260413-05-001</PmtInfId>
      <PmtMtd>DD</PmtMtd>
      <BtchBookg>false</BtchBookg>
      <NbOfTxs>1</NbOfTxs>
      <CtrlSum>100.00</CtrlSum>
      <PmtTpInf>
        <SvcLvl>
          <Cd>SEPA</Cd>
        </SvcLvl>
        <LclInstrm>
          <Cd>CORE</Cd>
        </LclInstrm>
        <!-- OOFF: One-Off debit — single use mandate -->
        <SeqTp>OOFF</SeqTp>
      </PmtTpInf>
      <ReqdColltnDt>2026-04-20</ReqdColltnDt>
      <Cdtr>
        <Nm>Test Creditor AG</Nm>
        <PstlAdr>
          <Ctry>DE</Ctry>
          <AdrLine>Empfängerstraße 5</AdrLine>
          <AdrLine>10115 Berlin</AdrLine>
        </PstlAdr>
        <Id>
          <OrgId>
            <Othr>
              <Id>HRB-123456-B</Id>
              <SchmeNm>
                <Cd>COID</Cd>
              </SchmeNm>
            </Othr>
          </OrgId>
        </Id>
      </Cdtr>
      <CdtrAcct>
        <Id>
          <IBAN>DE75512108001245126199</IBAN>
        </Id>
        <Ccy>EUR</Ccy>
        <Nm>Inkasso-Konto</Nm>
      </CdtrAcct>
      <CdtrAgt>
        <FinInstnId>
          <BIC>DEUTDEDBXXX</BIC>
          <Nm>Deutsche Bank AG</Nm>
          <PstlAdr>
            <Ctry>DE</Ctry>
            <AdrLine>Taunusanlage 12</AdrLine>
            <AdrLine>60325 Frankfurt am Main</AdrLine>
          </PstlAdr>
        </FinInstnId>
      </CdtrAgt>
      <CdtrSchmeId>
        <Id>
          <PrvtId>
            <Othr>
              <Id>DE98ZZZ09999999999</Id>
              <SchmeNm>
                <Prtry>SEPA</Prtry>
              </SchmeNm>
            </Othr>
          </PrvtId>
        </Id>
      </CdtrSchmeId>
      <DrctDbtTxInf>
        <PmtId>
          <InstrId>DDINSTRID-05-001</InstrId>
          <EndToEndId>DDEE-20260413-05-001</EndToEndId>
        </PmtId>
        <InstdAmt Ccy="EUR">100.00</InstdAmt>
        <DrctDbtTx>
          <MndtRltdInf>
            <MndtId>MNDTID-2026-05-001</MndtId>
            <DtOfSgntr>2026-04-01</DtOfSgntr>
            <AmdmntInd>false</AmdmntInd>
            <!-- ElctrncSgntr: base64-encoded e-mandate signature -->
            <ElctrncSgntr>SIGNDBYDBTR20260401TESTCREDITORAG</ElctrncSgntr>
          </MndtRltdInf>
        </DrctDbtTx>
        <UltmtCdtr>
          <Nm>Konzern Holding AG</Nm>
        </UltmtCdtr>
        <DbtrAgt>
          <FinInstnId>
            <BIC>COBADEFFXXX</BIC>
            <Nm>Commerzbank AG</Nm>
            <PstlAdr>
              <Ctry>DE</Ctry>
              <AdrLine>Kaiserplatz 1</AdrLine>
              <AdrLine>60311 Frankfurt am Main</AdrLine>
            </PstlAdr>
          </FinInstnId>
        </DbtrAgt>
        <Dbtr>
          <Nm>Test Debtor GmbH</Nm>
          <PstlAdr>
            <Ctry>DE</Ctry>
            <AdrLine>Teststraße 1</AdrLine>
            <AdrLine>90401 Nürnberg</AdrLine>
          </PstlAdr>
          <Id>
            <OrgId>
              <Othr>
                <Id>DE12345678</Id>
                <SchmeNm>
                  <Cd>COID</Cd>
                </SchmeNm>
              </Othr>
            </OrgId>
          </Id>
        </Dbtr>
        <DbtrAcct>
          <Id>
            <IBAN>DE89370400440532013000</IBAN>
          </Id>
          <Nm>Geschäftskonto</Nm>
        </DbtrAcct>
        <Purp>
          <Cd>SUPP</Cd>
        </Purp>
        <RmtInf>
          <Strd>
            <CdtrRefInf>
              <Tp>
                <CdOrPrtry>
                  <Cd>SCOR</Cd>
                </CdOrPrtry>
              </Tp>
              <Ref>DDREF-2026-05-001</Ref>
            </CdtrRefInf>
          </Strd>
        </RmtInf>
      </DrctDbtTxInf>
    </PmtInf>
  </CstmrDrctDbtInitn>
</Document>
