<?xml version="1.0" encoding="UTF-8"?>
<!-- pain.001.001.06 — Credit Transfer Initiation (2016) -->
<Document xmlns="urn:iso:std:iso:20022:tech:xsd:pain.001.001.06"
          xmlns:xsi="http://www.w3.org/2001/XMLSchema-instance"
          xsi:schemaLocation="urn:iso:std:iso:20022:tech:xsd:pain.001.001.06 pain.001.001.06.xsd">
  <CstmrCdtTrfInitn>
    <GrpHdr>
      <MsgId>MSGID-20260413-006</MsgId>
      <CreDtTm>2026-04-13T10:00:00</CreDtTm>
      <NbOfTxs>1</NbOfTxs>
      <CtrlSum>750.00</CtrlSum>
      <InitgPty>
        <Nm>Test Debtor GmbH</Nm>
      </InitgPty>
    </GrpHdr>
    <PmtInf>
      <PmtInfId>PMTINF-20260413-006</PmtInfId>
      <PmtMtd>TRF</PmtMtd>
      <NbOfTxs>1</NbOfTxs>
      <CtrlSum>750.00</CtrlSum>
      <PmtTpInf>
        <SvcLvl>
          <Cd>SEPA</Cd>
        </SvcLvl>
      </PmtTpInf>
      <ReqdExctnDt>2026-04-14</ReqdExctnDt>
      <Dbtr>
        <Nm>Test Debtor GmbH</Nm>
        <PstlAdr>
          <Ctry>DE</Ctry>
          <AdrLine>Teststraße 1</AdrLine>
          <AdrLine>90401 Nürnberg</AdrLine>
        </PstlAdr>
      </Dbtr>
      <DbtrAcct>
        <Id>
          <IBAN>DE89370400440532013000</IBAN>
        </Id>
        <Ccy>EUR</Ccy>
      </DbtrAcct>
      <DbtrAgt>
        <FinInstnId>
          <BIC>COBADEFFXXX</BIC>
        </FinInstnId>
      </DbtrAgt>
      <CdtTrfTxInf>
        <PmtId>
          <InstrId>INSTRID-006-001</InstrId>
          <EndToEndId>E2EID-20260413-006</EndToEndId>
          <UETR>b3b38aa3-4a26-4c0f-8e32-1f2d3c4e5f6a</UETR>
        </PmtId>
        <Amt>
          <InstdAmt Ccy="EUR">750.00</InstdAmt>
        </Amt>
        <ChrgBr>SLEV</ChrgBr>
        <CdtrAgt>
          <FinInstnId>
            <BIC>DEUTDEDBXXX</BIC>
          </FinInstnId>
        </CdtrAgt>
        <Cdtr>
          <Nm>Test Creditor AG</Nm>
          <PstlAdr>
            <Ctry>DE</Ctry>
            <AdrLine>Empfängerstraße 5</AdrLine>
            <AdrLine>10115 Berlin</AdrLine>
          </PstlAdr>
        </Cdtr>
        <CdtrAcct>
          <Id>
            <IBAN>DE75512108001245126199</IBAN>
          </Id>
        </CdtrAcct>
        <RmtInf>
          <Ustrd>Rechnung 2026-006 vom 2026-04-01</Ustrd>
        </RmtInf>
      </CdtTrfTxInf>
    </PmtInf>
  </CstmrCdtTrfInitn>
</Document>
