<?xml version="1.0" encoding="UTF-8"?>
<!-- Hand-curated sample. Official XSD not available for this version. -->
<!-- pain.008.001.02 — CustomerDirectDebitInitiation (ISO 20022 / EPC SEPA SDD 2009) -->
<!-- First widely deployed SEPA Direct Debit version. Key schema elements:             -->
<!-- GrpHdr, PmtInf with PmtMtd=DD, PmtTpInf with SvcLvl/LclInstrm/SeqTp,           -->
<!-- ReqdColltnDt (plain date), Cdtr, CdtrAcct, CdtrAgt (BIC), CdtrSchmeId,           -->
<!-- DrctDbtTxInf with PmtId, InstdAmt, DrctDbtTx/MndtRltdInf, DbtrAgt, Dbtr,        -->
<!-- DbtrAcct, RmtInf. SeqTp: FRST/RCUR/OOFF/FNAL. LclInstrm: CORE/COR1/B2B.        -->
<Document xmlns="urn:iso:std:iso:20022:tech:xsd:pain.008.001.02"
          xmlns:xsi="http://www.w3.org/2001/XMLSchema-instance"
          xsi:schemaLocation="urn:iso:std:iso:20022:tech:xsd:pain.008.001.02 pain.008.001.02.xsd">
  <CstmrDrctDbtInitn>
    <GrpHdr>
      <MsgId>DDMSG-20260413-02-001</MsgId>
      <CreDtTm>2026-04-13T09:00:00</CreDtTm>
      <NbOfTxs>1</NbOfTxs>
      <CtrlSum>100.00</CtrlSum>
      <InitgPty>
        <Nm>Test Creditor AG</Nm>
        <PstlAdr>
          <Ctry>DE</Ctry>
          <AdrLine>Empfängerstraße 5</AdrLine>
          <AdrLine>10115 Berlin</AdrLine>
        </PstlAdr>
        <Id>
          <OrgId>
            <BICOrBEI>DEUTDEDBXXX</BICOrBEI>
          </OrgId>
        </Id>
      </InitgPty>
    </GrpHdr>
    <PmtInf>
      <PmtInfId>DDPMTINF-20260413-02-001</PmtInfId>
      <PmtMtd>DD</PmtMtd>
      <BtchBookg>false</BtchBookg>
      <NbOfTxs>1</NbOfTxs>
      <CtrlSum>100.00</CtrlSum>
      <PmtTpInf>
        <SvcLvl>
          <Cd>SEPA</Cd>
        </SvcLvl>
        <!-- LclInstrm: CORE=Standard, COR1=1-day, B2B=Business to Business -->
        <LclInstrm>
          <Cd>CORE</Cd>
        </LclInstrm>
        <!-- SeqTp: FRST=First, RCUR=Recurring, OOFF=OneOff, FNAL=Final -->
        <SeqTp>FRST</SeqTp>
      </PmtTpInf>
      <!-- ReqdColltnDt: plain date in .02 — at least T+5 for FRST/CORE -->
      <ReqdColltnDt>2026-04-20</ReqdColltnDt>
      <!-- Cdtr: the party collecting the direct debit -->
      <Cdtr>
        <Nm>Test Creditor AG</Nm>
        <PstlAdr>
          <Ctry>DE</Ctry>
          <AdrLine>Empfängerstraße 5</AdrLine>
          <AdrLine>10115 Berlin</AdrLine>
        </PstlAdr>
        <Id>
          <OrgId>
            <BICOrBEI>DEUTDEDBXXX</BICOrBEI>
          </OrgId>
        </Id>
      </Cdtr>
      <CdtrAcct>
        <Id>
          <IBAN>DE75512108001245126199</IBAN>
        </Id>
        <Ccy>EUR</Ccy>
        <Nm>Inkasso-Konto</Nm>
      </CdtrAcct>
      <CdtrAgt>
        <FinInstnId>
          <BIC>DEUTDEDBXXX</BIC>
          <Nm>Deutsche Bank AG</Nm>
          <PstlAdr>
            <Ctry>DE</Ctry>
            <AdrLine>Taunusanlage 12</AdrLine>
            <AdrLine>60325 Frankfurt am Main</AdrLine>
          </PstlAdr>
        </FinInstnId>
      </CdtrAgt>
      <!-- CdtrSchmeId: SEPA Creditor Identifier (CI) — DE98ZZZ format -->
      <CdtrSchmeId>
        <Id>
          <PrvtId>
            <Othr>
              <Id>DE98ZZZ09999999999</Id>
              <SchmeNm>
                <Prtry>SEPA</Prtry>
              </SchmeNm>
            </Othr>
          </PrvtId>
        </Id>
      </CdtrSchmeId>
      <DrctDbtTxInf>
        <PmtId>
          <InstrId>DDINSTRID-02-001</InstrId>
          <EndToEndId>DDEE-20260413-02-001</EndToEndId>
        </PmtId>
        <InstdAmt Ccy="EUR">100.00</InstdAmt>
        <DrctDbtTx>
          <MndtRltdInf>
            <!-- MndtId: unique mandate reference agreed with debtor -->
            <MndtId>MNDTID-2025-02-001</MndtId>
            <!-- DtOfSgntr: date the debtor signed the mandate -->
            <DtOfSgntr>2025-01-10</DtOfSgntr>
            <!-- AmdmntInd: false = no amendment to this mandate -->
            <AmdmntInd>false</AmdmntInd>
          </MndtRltdInf>
          <!-- ElctrncSgntr: electronic signature of mandate (optional) -->
        </DrctDbtTx>
        <!-- UltmtCdtr: collection on behalf of (COBO) ultimate creditor -->
        <UltmtCdtr>
          <Nm>Konzern Holding AG</Nm>
        </UltmtCdtr>
        <DbtrAgt>
          <FinInstnId>
            <BIC>COBADEFFXXX</BIC>
            <Nm>Commerzbank AG</Nm>
            <PstlAdr>
              <Ctry>DE</Ctry>
              <AdrLine>Kaiserplatz 1</AdrLine>
              <AdrLine>60311 Frankfurt am Main</AdrLine>
            </PstlAdr>
          </FinInstnId>
        </DbtrAgt>
        <!-- Dbtr: the party from whose account money is collected -->
        <Dbtr>
          <Nm>Test Debtor GmbH</Nm>
          <PstlAdr>
            <Ctry>DE</Ctry>
            <AdrLine>Teststraße 1</AdrLine>
            <AdrLine>90401 Nürnberg</AdrLine>
          </PstlAdr>
          <Id>
            <OrgId>
              <BICOrBEI>COBADEFFXXX</BICOrBEI>
            </OrgId>
          </Id>
        </Dbtr>
        <DbtrAcct>
          <Id>
            <IBAN>DE89370400440532013000</IBAN>
          </Id>
          <Nm>Geschäftskonto</Nm>
        </DbtrAcct>
        <!-- UltmtDbtr: on behalf of whom the payment is collected from -->
        <UltmtDbtr>
          <Nm>Tochtergesellschaft Debtor UG</Nm>
        </UltmtDbtr>
        <Purp>
          <Cd>SUPP</Cd>
        </Purp>
        <RmtInf>
          <Ustrd>Abbuchung Mitgliedsbeitrag April 2026 - Mandat MNDTID-2025-02-001</Ustrd>
        </RmtInf>
      </DrctDbtTxInf>
    </PmtInf>
  </CstmrDrctDbtInitn>
</Document>
