<?xml version="1.0" encoding="UTF-8"?>
<!-- Generated from official ISO 20022 XSD: pain.001.001.13 -->
<!-- Source: urn:iso:std:iso:20022:tech:xsd:pain.001.001.13 -->
<!-- Generated: 2026-04-13 | ISO 20022 Payments Initiation 2025/2026 -->
<!-- Covers: all mandatory GrpHdr + PmtInf elements, BIC routing,         -->
<!-- structured PostalAddress27, Strd remittance, UETR, LEI               -->
<Document xmlns="urn:iso:std:iso:20022:tech:xsd:pain.001.001.13"
          xmlns:xsi="http://www.w3.org/2001/XMLSchema-instance"
          xsi:schemaLocation="urn:iso:std:iso:20022:tech:xsd:pain.001.001.13 pain.001.001.13.xsd">
  <CstmrCdtTrfInitn>

    <!-- ═══ GroupHeader114: MsgId, CreDtTm, NbOfTxs mandatory ═══ -->
    <GrpHdr>
      <MsgId>MSG-20260413-P001-13-001</MsgId>
      <CreDtTm>2026-04-13T10:00:00</CreDtTm>
      <NbOfTxs>2</NbOfTxs>
      <CtrlSum>1234.56</CtrlSum>
      <!-- InitgPty: mandatory in GroupHeader114 -->
      <InitgPty>
        <Nm>Test Corporation GmbH</Nm>
        <!-- PostalAddress27: structured address, mandatory cross-border HVPS+/CBPR+ -->
        <PstlAdr>
          <Tp>
            <Cd>BIZZ</Cd>
          </Tp>
          <StrtNm>Teststraße</StrtNm>
          <BldgNb>1</BldgNb>
          <BldgNm>Hauptgebäude</BldgNm>
          <Flr>3</Flr>
          <Room>301</Room>
          <PstCd>90401</PstCd>
          <TwnNm>Nürnberg</TwnNm>
          <CtrySubDvsn>Bayern</CtrySubDvsn>
          <Ctry>DE</Ctry>
        </PstlAdr>
        <Id>
          <OrgId>
            <!-- LEI: 20-char alphanumeric, mandatory for HVPS+/CBPR+ .13 -->
            <LEI>5493001KJTIIGC8Y1R12</LEI>
          </OrgId>
        </Id>
      </InitgPty>
    </GrpHdr>

    <!-- ═══ PaymentInstruction51: PmtInfId, PmtMtd, ReqdExctnDt, Dbtr, DbtrAcct, DbtrAgt, CdtTrfTxInf mandatory ═══ -->
    <PmtInf>
      <PmtInfId>PMTINF-20260413-001</PmtInfId>
      <PmtMtd>TRF</PmtMtd>
      <BtchBookg>false</BtchBookg>
      <NbOfTxs>2</NbOfTxs>
      <CtrlSum>1234.56</CtrlSum>
      <PmtTpInf>
        <InstrPrty>NORM</InstrPrty>
        <SvcLvl>
          <Cd>SEPA</Cd>
        </SvcLvl>
        <LclInstrm>
          <Cd>CORE</Cd>
        </LclInstrm>
        <CtgyPurp>
          <Cd>SUPP</Cd>
        </CtgyPurp>
      </PmtTpInf>
      <!-- ReqdExctnDt: mandatory, DateAndDateTime2Choice → Dt branch -->
      <ReqdExctnDt>
        <Dt>2026-04-14</Dt>
      </ReqdExctnDt>
      <!-- UltmtDbtr: optional, shown for POBO coverage -->
      <UltmtDbtr>
        <Nm>Ultimate Debtor Parent AG</Nm>
        <PstlAdr>
          <StrtNm>Konzernallee</StrtNm>
          <BldgNb>10</BldgNb>
          <PstCd>80333</PstCd>
          <TwnNm>München</TwnNm>
          <CtrySubDvsn>Bayern</CtrySubDvsn>
          <Ctry>DE</Ctry>
        </PstlAdr>
        <Id>
          <OrgId>
            <LEI>3358001KJTIIGC8Y9R99</LEI>
          </OrgId>
        </Id>
      </UltmtDbtr>
      <!-- Dbtr: mandatory in PaymentInstruction51 -->
      <Dbtr>
        <Nm>Test Corporation GmbH</Nm>
        <PstlAdr>
          <StrtNm>Teststraße</StrtNm>
          <BldgNb>1</BldgNb>
          <PstCd>90401</PstCd>
          <TwnNm>Nürnberg</TwnNm>
          <CtrySubDvsn>Bayern</CtrySubDvsn>
          <Ctry>DE</Ctry>
        </PstlAdr>
        <Id>
          <OrgId>
            <LEI>5493001KJTIIGC8Y1R12</LEI>
          </OrgId>
        </Id>
      </Dbtr>
      <!-- DbtrAcct: mandatory, AccountIdentification4Choice → IBAN branch -->
      <DbtrAcct>
        <Id>
          <IBAN>DE89370400440532013000</IBAN>
        </Id>
        <Ccy>EUR</Ccy>
        <Nm>Hauptkonto Debtor</Nm>
      </DbtrAcct>
      <!-- DbtrAgt: mandatory, BIC routing (BranchAndFinancialInstitutionIdentification8) -->
      <DbtrAgt>
        <FinInstnId>
          <BICFI>COBADEFFXXX</BICFI>
          <Nm>Commerzbank AG</Nm>
          <PstlAdr>
            <StrtNm>Kaiserplatz</StrtNm>
            <BldgNb>1</BldgNb>
            <PstCd>60311</PstCd>
            <TwnNm>Frankfurt am Main</TwnNm>
            <CtrySubDvsn>Hessen</CtrySubDvsn>
            <Ctry>DE</Ctry>
          </PstlAdr>
        </FinInstnId>
      </DbtrAgt>
      <ChrgBr>SLEV</ChrgBr>

      <!-- ═══ CreditTransferTransaction76 #1: PmtId + Amt mandatory ═══ -->
      <CdtTrfTxInf>
        <!-- PmtId: mandatory, PaymentIdentification6 -->
        <PmtId>
          <InstrId>INSTRID-13-001</InstrId>
          <EndToEndId>E2EID-20260413-001</EndToEndId>
          <!-- UETR: UUIDv4, mandatory for HVPS+/TARGET2 in .13 -->
          <UETR>a3b4c5d6-e7f8-4a1b-9c2d-3e4f5a6b7c8d</UETR>
        </PmtId>
        <!-- Amt: mandatory, AmountType4Choice → InstdAmt branch -->
        <Amt>
          <InstdAmt Ccy="EUR">1234.56</InstdAmt>
        </Amt>
        <ChrgBr>SLEV</ChrgBr>
        <!-- CdtrAgt: BIC-based routing -->
        <CdtrAgt>
          <FinInstnId>
            <BICFI>DEUTDEFFXXX</BICFI>
            <Nm>Deutsche Bank AG</Nm>
            <PstlAdr>
              <StrtNm>Taunusanlage</StrtNm>
              <BldgNb>12</BldgNb>
              <PstCd>60325</PstCd>
              <TwnNm>Frankfurt am Main</TwnNm>
              <CtrySubDvsn>Hessen</CtrySubDvsn>
              <Ctry>DE</Ctry>
            </PstlAdr>
          </FinInstnId>
        </CdtrAgt>
        <!-- Cdtr: structured address per HVPS+/CBPR+ .13 -->
        <Cdtr>
          <Nm>Muster Handels AG</Nm>
          <PstlAdr>
            <StrtNm>Empfängerstraße</StrtNm>
            <BldgNb>5</BldgNb>
            <PstCd>10115</PstCd>
            <TwnNm>Berlin</TwnNm>
            <CtrySubDvsn>Berlin</CtrySubDvsn>
            <Ctry>DE</Ctry>
          </PstlAdr>
          <Id>
            <OrgId>
              <!-- LEI on Creditor: standard in .13 per HVPS+/CBPR+ -->
              <LEI>7654321ABCDEFG1234512</LEI>
            </OrgId>
          </Id>
        </Cdtr>
        <!-- CdtrAcct: AccountIdentification4Choice → IBAN branch -->
        <CdtrAcct>
          <Id>
            <IBAN>DE75512108001245126199</IBAN>
          </Id>
          <Nm>Hauptkonto Creditor</Nm>
        </CdtrAcct>
        <UltmtCdtr>
          <Nm>Ultimate Creditor Tochter GmbH</Nm>
          <Id>
            <OrgId>
              <Othr>
                <Id>HRB-123456-B</Id>
              </Othr>
            </OrgId>
          </Id>
        </UltmtCdtr>
        <Purp>
          <Cd>SUPP</Cd>
        </Purp>
        <RgltryRptg>
          <DbtCdtRptgInd>CRED</DbtCdtRptgInd>
          <Dtls>
            <Tp>CRED</Tp>
            <Dt>2026-04-13</Dt>
            <Ctry>DE</Ctry>
            <Cd>150</Cd>
            <Inf>CBPR+ konform — HVPS+ Zahlungsauftrag</Inf>
          </Dtls>
        </RgltryRptg>
        <!-- RmtInf: Strd remittance (representative coverage) -->
        <RmtInf>
          <Strd>
            <CdtrRefInf>
              <Tp>
                <CdOrPrtry>
                  <Cd>SCOR</Cd>
                </CdOrPrtry>
              </Tp>
              <Ref>INV-2026-001</Ref>
            </CdtrRefInf>
            <RfrdDocInf>
              <Tp>
                <CdOrPrtry>
                  <Cd>CINV</Cd>
                </CdOrPrtry>
              </Tp>
              <Nb>RE-2026-001</Nb>
              <RltdDt>
                <Dt>2026-04-01</Dt>
              </RltdDt>
            </RfrdDocInf>
            <RfrdDocAmt>
              <DuePyblAmt Ccy="EUR">1234.56</DuePyblAmt>
              <TaxAmt Ccy="EUR">197.10</TaxAmt>
            </RfrdDocAmt>
            <TaxRmt>
              <Dbtr>
                <TaxId>DE234567890</TaxId>
              </Dbtr>
              <Rcrd>
                <Tp>MWST</Tp>
                <TaxAmt>
                  <TtlAmt Ccy="EUR">197.10</TtlAmt>
                </TaxAmt>
              </Rcrd>
            </TaxRmt>
            <AddtlRmtInf>Zahlung gemaess Rechnung RE-2026-001 vom 2026-04-01</AddtlRmtInf>
          </Strd>
        </RmtInf>
      </CdtTrfTxInf>

      <!-- ═══ CreditTransferTransaction76 #2: unstructured remittance variant ═══ -->
      <CdtTrfTxInf>
        <PmtId>
          <InstrId>INSTRID-13-002</InstrId>
          <EndToEndId>E2EID-20260413-002</EndToEndId>
          <UETR>b4c5d6e7-f8a9-4b2c-0d3e-4f5a6b7c8d9e</UETR>
        </PmtId>
        <Amt>
          <InstdAmt Ccy="EUR">500.00</InstdAmt>
        </Amt>
        <ChrgBr>SLEV</ChrgBr>
        <CdtrAgt>
          <FinInstnId>
            <BICFI>SSKMDEMMXXX</BICFI>
            <Nm>Stadtsparkasse München</Nm>
            <PstlAdr>
              <StrtNm>Sparkassenstraße</StrtNm>
              <BldgNb>2</BldgNb>
              <PstCd>80333</PstCd>
              <TwnNm>München</TwnNm>
              <CtrySubDvsn>Bayern</CtrySubDvsn>
              <Ctry>DE</Ctry>
            </PstlAdr>
          </FinInstnId>
        </CdtrAgt>
        <Cdtr>
          <Nm>Zweite Creditor GmbH</Nm>
          <PstlAdr>
            <StrtNm>Lieferantenweg</StrtNm>
            <BldgNb>3</BldgNb>
            <PstCd>80335</PstCd>
            <TwnNm>München</TwnNm>
            <CtrySubDvsn>Bayern</CtrySubDvsn>
            <Ctry>DE</Ctry>
          </PstlAdr>
        </Cdtr>
        <CdtrAcct>
          <Id>
            <IBAN>DE02200505501015871393</IBAN>
          </Id>
        </CdtrAcct>
        <Purp>
          <Cd>SALA</Cd>
        </Purp>
        <RmtInf>
          <Ustrd>Gehaltszahlung April 2026 – Mitarbeiter-ID 4711</Ustrd>
        </RmtInf>
      </CdtTrfTxInf>

    </PmtInf>

    <!-- SplmtryData: optional supplementary extension block -->
    <SplmtryData>
      <Envlp>
        <Nmspc>
          <Id>CBPR+Ext</Id>
        </Nmspc>
      </Envlp>
    </SplmtryData>

  </CstmrCdtTrfInitn>
</Document>