<?xml version="1.0" encoding="UTF-8"?>
<!-- pain.001.001.12 — Credit Transfer Initiation (2023) -->
<Document xmlns="urn:iso:std:iso:20022:tech:xsd:pain.001.001.12"
          xmlns:xsi="http://www.w3.org/2001/XMLSchema-instance"
          xsi:schemaLocation="urn:iso:std:iso:20022:tech:xsd:pain.001.001.12 pain.001.001.12.xsd">
  <CstmrCdtTrfInitn>
    <GrpHdr>
      <MsgId>MSGID-20260413-012</MsgId>
      <CreDtTm>2026-04-13T10:00:00</CreDtTm>
      <NbOfTxs>1</NbOfTxs>
      <CtrlSum>25000.00</CtrlSum>
      <InitgPty>
        <Nm>Test Debtor GmbH</Nm>
        <Id>
          <OrgId>
            <LEI>5493001KJTIIGC8Y1R12</LEI>
          </OrgId>
        </Id>
      </InitgPty>
    </GrpHdr>
    <PmtInf>
      <PmtInfId>PMTINF-20260413-012</PmtInfId>
      <PmtMtd>TRF</PmtMtd>
      <NbOfTxs>1</NbOfTxs>
      <CtrlSum>25000.00</CtrlSum>
      <PmtTpInf>
        <SvcLvl>
          <Cd>SEPA</Cd>
        </SvcLvl>
      </PmtTpInf>
      <ReqdExctnDt>
        <Dt>2026-04-14</Dt>
      </ReqdExctnDt>
      <Dbtr>
        <Nm>Test Debtor GmbH</Nm>
        <PstlAdr>
          <StrtNm>Teststraße</StrtNm>
          <BldgNb>1</BldgNb>
          <PstCd>90401</PstCd>
          <TwnNm>Nürnberg</TwnNm>
          <Ctry>DE</Ctry>
        </PstlAdr>
        <Id>
          <OrgId>
            <LEI>5493001KJTIIGC8Y1R12</LEI>
          </OrgId>
        </Id>
      </Dbtr>
      <DbtrAcct>
        <Id>
          <IBAN>DE89370400440532013000</IBAN>
        </Id>
        <Ccy>EUR</Ccy>
      </DbtrAcct>
      <DbtrAgt>
        <FinInstnId>
          <BICFI>COBADEFFXXX</BICFI>
        </FinInstnId>
      </DbtrAgt>
      <CdtTrfTxInf>
        <PmtId>
          <InstrId>INSTRID-012-001</InstrId>
          <EndToEndId>E2EID-20260413-012</EndToEndId>
          <UETR>h9h9egg9-0g8c-0i6j-ej98-7j8j9i0j1l2g</UETR>
        </PmtId>
        <Amt>
          <InstdAmt Ccy="EUR">25000.00</InstdAmt>
        </Amt>
        <ChrgBr>SLEV</ChrgBr>
        <CdtrAgt>
          <FinInstnId>
            <BICFI>DEUTDEDBXXX</BICFI>
          </FinInstnId>
        </CdtrAgt>
        <Cdtr>
          <Nm>Test Creditor AG</Nm>
          <PstlAdr>
            <StrtNm>Empfängerstraße</StrtNm>
            <BldgNb>5</BldgNb>
            <PstCd>10115</PstCd>
            <TwnNm>Berlin</TwnNm>
            <Ctry>DE</Ctry>
          </PstlAdr>
        </Cdtr>
        <CdtrAcct>
          <Id>
            <IBAN>DE75512108001245126199</IBAN>
          </Id>
        </CdtrAcct>
        <Purp>
          <Cd>SUPP</Cd>
        </Purp>
        <RmtInf>
          <Strd>
            <CdtrRefInf>
              <Tp>
                <CdOrPrtry>
                  <Cd>SCOR</Cd>
                </CdOrPrtry>
              </Tp>
              <Ref>INV2026-012</Ref>
            </CdtrRefInf>
            <AddtlRmtInf>Zahlung gemäß Rahmenvertrag 2026</AddtlRmtInf>
          </Strd>
        </RmtInf>
      </CdtTrfTxInf>
    </PmtInf>
  </CstmrCdtTrfInitn>
</Document>
