<?xml version="1.0" encoding="UTF-8"?>
<!-- pain.001.001.12 — CustomerCreditTransferInitiation (ISO 20022 / CGI-MP 2023)   -->
<!-- Key additions vs .11: extended RmtInf with RfrdDocInf (referenced document),   -->
<!-- RfrdDocAmt (due/discount amounts), TaxRmt (tax remittance), new Purpose codes  -->
<!-- (TAXS, SALA etc.), hybrid address usage rules tightened (AdrLine OR StrtNm).   -->
<!-- PostalAddress24 field set unchanged from .09. BICFI, LEI, UETR, Proxy carried. -->
<Document xmlns="urn:iso:std:iso:20022:tech:xsd:pain.001.001.12"
          xmlns:xsi="http://www.w3.org/2001/XMLSchema-instance"
          xsi:schemaLocation="urn:iso:std:iso:20022:tech:xsd:pain.001.001.12 pain.001.001.12.xsd">
  <CstmrCdtTrfInitn>
    <GrpHdr>
      <MsgId>MSGID-20260413-12-001</MsgId>
      <CreDtTm>2026-04-13T10:00:00</CreDtTm>
      <NbOfTxs>1</NbOfTxs>
      <CtrlSum>100.00</CtrlSum>
      <InitgPty>
        <Nm>Test Debtor GmbH</Nm>
        <PstlAdr>
          <StrtNm>Teststraße</StrtNm>
          <BldgNb>1</BldgNb>
          <PstCd>90401</PstCd>
          <TwnNm>Nürnberg</TwnNm>
          <CtrySubDvsn>Bayern</CtrySubDvsn>
          <Ctry>DE</Ctry>
        </PstlAdr>
        <Id>
          <OrgId>
            <LEI>5493001KJTIIGC8Y1R12</LEI>
          </OrgId>
        </Id>
      </InitgPty>
    </GrpHdr>
    <PmtInf>
      <PmtInfId>PMTINF-20260413-12-001</PmtInfId>
      <PmtMtd>TRF</PmtMtd>
      <BtchBookg>false</BtchBookg>
      <NbOfTxs>1</NbOfTxs>
      <CtrlSum>100.00</CtrlSum>
      <PmtTpInf>
        <InstrPrty>NORM</InstrPrty>
        <SvcLvl>
          <Cd>SEPA</Cd>
        </SvcLvl>
        <!-- .12 NEW: extended CategoryPurpose codes (TAXS for tax payments) -->
        <CtgyPurp>
          <Cd>SUPP</Cd>
        </CtgyPurp>
      </PmtTpInf>
      <ReqdExctnDt>
        <Dt>2026-04-14</Dt>
      </ReqdExctnDt>
      <UltmtDbtr>
        <Nm>Ultimate Debtor Parent AG</Nm>
        <PstlAdr>
          <StrtNm>Konzernstraße</StrtNm>
          <BldgNb>10</BldgNb>
          <PstCd>80333</PstCd>
          <TwnNm>München</TwnNm>
          <Ctry>DE</Ctry>
        </PstlAdr>
        <Id>
          <OrgId>
            <LEI>3358001KJTIIGC8Y1R99</LEI>
          </OrgId>
        </Id>
      </UltmtDbtr>
      <Dbtr>
        <Nm>Test Debtor GmbH</Nm>
        <!-- .12: structured address — AdrLine OR StrtNm, not both (tightened rule) -->
        <PstlAdr>
          <StrtNm>Teststraße</StrtNm>
          <BldgNb>1</BldgNb>
          <BldgNm>Hauptgebäude</BldgNm>
          <Flr>3</Flr>
          <PstCd>90401</PstCd>
          <TwnNm>Nürnberg</TwnNm>
          <CtrySubDvsn>Bayern</CtrySubDvsn>
          <Ctry>DE</Ctry>
        </PstlAdr>
        <Id>
          <OrgId>
            <LEI>5493001KJTIIGC8Y1R12</LEI>
          </OrgId>
        </Id>
      </Dbtr>
      <DbtrAcct>
        <Id>
          <IBAN>DE89370400440532013000</IBAN>
        </Id>
        <Ccy>EUR</Ccy>
        <Nm>Hauptkonto</Nm>
      </DbtrAcct>
      <DbtrAgt>
        <FinInstnId>
          <BICFI>COBADEFFXXX</BICFI>
          <Nm>Commerzbank AG</Nm>
          <PstlAdr>
            <StrtNm>Kaiserplatz</StrtNm>
            <BldgNb>1</BldgNb>
            <PstCd>60311</PstCd>
            <TwnNm>Frankfurt am Main</TwnNm>
            <Ctry>DE</Ctry>
          </PstlAdr>
        </FinInstnId>
      </DbtrAgt>
      <CdtTrfTxInf>
        <PmtId>
          <InstrId>INSTRID-12-001</InstrId>
          <EndToEndId>E2EID-20260413-12-001</EndToEndId>
          <UETR>d4e5f6a7-b8c9-0123-def0-123456789012</UETR>
        </PmtId>
        <Amt>
          <InstdAmt Ccy="EUR">100.00</InstdAmt>
        </Amt>
        <ChrgBr>SLEV</ChrgBr>
        <CdtrAgt>
          <FinInstnId>
            <BICFI>DEUTDEDBXXX</BICFI>
            <Nm>Deutsche Bank AG</Nm>
            <PstlAdr>
              <StrtNm>Taunusanlage</StrtNm>
              <BldgNb>12</BldgNb>
              <PstCd>60325</PstCd>
              <TwnNm>Frankfurt am Main</TwnNm>
              <Ctry>DE</Ctry>
            </PstlAdr>
          </FinInstnId>
        </CdtrAgt>
        <Cdtr>
          <Nm>Test Creditor AG</Nm>
          <PstlAdr>
            <StrtNm>Empfängerstraße</StrtNm>
            <BldgNb>5</BldgNb>
            <PstCd>10115</PstCd>
            <TwnNm>Berlin</TwnNm>
            <CtrySubDvsn>Berlin</CtrySubDvsn>
            <Ctry>DE</Ctry>
          </PstlAdr>
          <Id>
            <OrgId>
              <LEI>7654321ABCDEFGH12345</LEI>
            </OrgId>
          </Id>
        </Cdtr>
        <CdtrAcct>
          <Id>
            <IBAN>DE75512108001245126199</IBAN>
          </Id>
          <Nm>Hauptkonto Creditor</Nm>
          <Prxy>
            <Tp>
              <Cd>EMAL</Cd>
            </Tp>
            <Id>creditor@testcreditor.de</Id>
          </Prxy>
        </CdtrAcct>
        <UltmtCdtr>
          <Nm>Ultimate Creditor Tochter GmbH</Nm>
          <Id>
            <OrgId>
              <Othr>
                <Id>HRB-987654-B</Id>
              </Othr>
            </OrgId>
          </Id>
        </UltmtCdtr>
        <Purp>
          <Cd>SUPP</Cd>
        </Purp>
        <RgltryRptg>
          <DbtCdtRptgInd>CRED</DbtCdtRptgInd>
          <Dtls>
            <Tp>CRED</Tp>
            <Dt>2026-04-13</Dt>
            <Ctry>DE</Ctry>
            <Cd>150</Cd>
            <Inf>Warenzahlung inkl. Steueranteil</Inf>
          </Dtls>
        </RgltryRptg>
        <RmtInf>
          <Strd>
            <CdtrRefInf>
              <Tp>
                <CdOrPrtry>
                  <Cd>SCOR</Cd>
                </CdOrPrtry>
              </Tp>
              <Ref>INV2026-12-001</Ref>
            </CdtrRefInf>
            <!-- .12 NEW: RfrdDocInf — Referenced Document Information -->
            <RfrdDocInf>
              <Tp>
                <CdOrPrtry>
                  <!-- CINV=Commercial Invoice, CREN=Credit Note, DEBN=Debit Note -->
                  <Cd>CINV</Cd>
                </CdOrPrtry>
              </Tp>
              <Nb>RE-2026-12-001</Nb>
              <RltdDt>
                <Dt>2026-04-01</Dt>
              </RltdDt>
            </RfrdDocInf>
            <!-- .12 NEW: RfrdDocAmt — Referenced Document Amounts -->
            <RfrdDocAmt>
              <DuePyblAmt Ccy="EUR">100.00</DuePyblAmt>
              <DscntApldAmt Ccy="EUR">0.00</DscntApldAmt>
              <TaxAmt Ccy="EUR">15.97</TaxAmt>
            </RfrdDocAmt>
            <!-- .12 NEW: TaxRmt — Tax Remittance Information -->
            <TaxRmt>
              <Dbtr>
                <TaxId>DE123456789</TaxId>
              </Dbtr>
              <Rcrd>
                <Tp>MWST</Tp>
                <TaxAmt>
                  <TtlAmt Ccy="EUR">15.97</TtlAmt>
                </TaxAmt>
              </Rcrd>
            </TaxRmt>
            <AddtlRmtInf>Rechnung RE-2026-12-001 inkl. 19% MwSt - fällig 2026-04-30</AddtlRmtInf>
          </Strd>
        </RmtInf>
      </CdtTrfTxInf>
    </PmtInf>
    <SplmtryData>
      <Envlp>
        <Nmspc>
          <Id>BankExt</Id>
        </Nmspc>
      </Envlp>
    </SplmtryData>
  </CstmrCdtTrfInitn>
</Document>
