<?xml version="1.0" encoding="UTF-8"?>
<!-- pain.003.001.02 — Customer Direct Debit Reversal Initiation -->
<!-- EPC SEPA SDD Reversal — Mindestbeispiel (anonymisierte Testdaten) -->
<!-- Reversal Grund: DUPL (Doppeleinzug) — 5 Bankarbeitstage nach Fälligkeitstag -->
<Document xmlns="urn:iso:std:iso:20022:tech:xsd:pain.003.001.02"
          xmlns:xsi="http://www.w3.org/2001/XMLSchema-instance"
          xsi:schemaLocation="urn:iso:std:iso:20022:tech:xsd:pain.003.001.02 pain.003.001.02.xsd">
  <CstmrDrctDbtRvsl>
    <GrpHdr>
      <MsgId>RVSL-20260413-001</MsgId>
      <CreDtTm>2026-04-13T09:00:00</CreDtTm>
      <NbOfTxs>1</NbOfTxs>
      <CtrlSum>100.00</CtrlSum>
      <InitgPty>
        <Nm>Test Creditor GmbH</Nm>
        <Id>
          <OrgId>
            <Othr>
              <Id>DE98ZZZ09999999999</Id>
              <SchmeNm>
                <Prtry>SEPA</Prtry>
              </SchmeNm>
            </Othr>
          </OrgId>
        </Id>
      </InitgPty>
    </GrpHdr>
    <OrgnlGrpInf>
      <!-- Referenz auf die originale pain.008, die storniert werden soll -->
      <OrgnlMsgId>SDD-20260408-001</OrgnlMsgId>
      <OrgnlMsgNmId>pain.008.001.02</OrgnlMsgNmId>
      <OrgnlCreDtTm>2026-04-08T08:00:00</OrgnlCreDtTm>
      <RvslRsnInf>
        <Orgtr>
          <Nm>Test Creditor GmbH</Nm>
        </Orgtr>
        <Rsn>
          <!-- DUPL = Duplicate: Lastschrift wurde irrtümlich doppelt eingereicht -->
          <Cd>DUPL</Cd>
        </Rsn>
      </RvslRsnInf>
    </OrgnlGrpInf>
    <TxInf>
      <RvslId>RVSL-TXN-20260413-001</RvslId>
      <OrgnlInstrId>INSTRID-SDD-001</OrgnlInstrId>
      <OrgnlEndToEndId>E2EID-SDD-20260408-001</OrgnlEndToEndId>
      <!-- Betrag der Originallastschrift, der rückabgewickelt wird -->
      <RvsdIntrBkSttlmAmt Ccy="EUR">100.00</RvsdIntrBkSttlmAmt>
      <IntrBkSttlmDt>2026-04-14</IntrBkSttlmDt>
      <ChrgBr>SLEV</ChrgBr>
      <RvslRsnInf>
        <Rsn>
          <Cd>DUPL</Cd>
        </Rsn>
        <AddtlInf>Doppeleinzug vom 2026-04-08 storniert</AddtlInf>
      </RvslRsnInf>
      <OrgnlTxRef>
        <!-- Originalmandatsdaten — müssen exakt mit der pain.008 übereinstimmen -->
        <Amt>
          <InstdAmt Ccy="EUR">100.00</InstdAmt>
        </Amt>
        <ReqdColltnDt>2026-04-10</ReqdColltnDt>
        <CdtrSchmeId>
          <Id>
            <PrvtId>
              <Othr>
                <Id>DE98ZZZ09999999999</Id>
                <SchmeNm>
                  <Prtry>SEPA</Prtry>
                </SchmeNm>
              </Othr>
            </PrvtId>
          </Id>
        </CdtrSchmeId>
        <PmtTpInf>
          <SvcLvl>
            <Cd>SEPA</Cd>
          </SvcLvl>
          <LclInstrm>
            <!-- CORE = SEPA Direct Debit Core -->
            <Cd>CORE</Cd>
          </LclInstrm>
          <SeqTp>FRST</SeqTp>
        </PmtTpInf>
        <MndtRltdInf>
          <MndtId>MNDT-TEST-20230101</MndtId>
          <DtOfSgntr>2023-01-01</DtOfSgntr>
        </MndtRltdInf>
        <DbtrAgt>
          <FinInstnId>
            <BICFI>DEUTDEDBXXX</BICFI>
          </FinInstnId>
        </DbtrAgt>
        <Dbtr>
          <Nm>Test Debtor AG</Nm>
          <PstlAdr>
            <Ctry>DE</Ctry>
            <AdrLine>Schuldnerstraße 10</AdrLine>
            <AdrLine>10115 Berlin</AdrLine>
          </PstlAdr>
        </Dbtr>
        <DbtrAcct>
          <Id>
            <IBAN>DE89370400440532013000</IBAN>
          </Id>
        </DbtrAcct>
        <CdtrAgt>
          <FinInstnId>
            <BICFI>COBADEFFXXX</BICFI>
          </FinInstnId>
        </CdtrAgt>
        <Cdtr>
          <Nm>Test Creditor GmbH</Nm>
        </Cdtr>
        <CdtrAcct>
          <Id>
            <IBAN>DE75512108001245126199</IBAN>
          </Id>
        </CdtrAcct>
      </OrgnlTxRef>
    </TxInf>
  </CstmrDrctDbtRvsl>
</Document>
