<?xml version="1.0" encoding="UTF-8"?>
<!-- pain.001.001.10 — Credit Transfer Initiation (ISO 20022, 2021)        -->
<!-- Minor revision vs .09. Key additions: Proxy on account identification, -->
<!-- RegulatoryReporting refinements, FinInstnId with Nm+PstlAdr allowed.  -->
<!-- Structured address (PostalAddress24) same as .09 — no new fields.      -->
<Document xmlns="urn:iso:std:iso:20022:tech:xsd:pain.001.001.10"
          xmlns:xsi="http://www.w3.org/2001/XMLSchema-instance"
          xsi:schemaLocation="urn:iso:std:iso:20022:tech:xsd:pain.001.001.10 pain.001.001.10.xsd">
  <CstmrCdtTrfInitn>
    <GrpHdr>
      <MsgId>MSGID-20260413-10-001</MsgId>
      <CreDtTm>2026-04-13T10:00:00</CreDtTm>
      <NbOfTxs>1</NbOfTxs>
      <CtrlSum>8500.00</CtrlSum>
      <InitgPty>
        <Nm>Test Debtor GmbH</Nm>
        <Id>
          <OrgId>
            <LEI>5493001KJTIIGC8Y1R12</LEI>
          </OrgId>
        </Id>
      </InitgPty>
    </GrpHdr>
    <PmtInf>
      <PmtInfId>PMTINF-20260413-10-001</PmtInfId>
      <PmtMtd>TRF</PmtMtd>
      <NbOfTxs>1</NbOfTxs>
      <CtrlSum>8500.00</CtrlSum>
      <PmtTpInf>
        <SvcLvl>
          <Cd>SEPA</Cd>
        </SvcLvl>
      </PmtTpInf>
      <ReqdExctnDt>
        <Dt>2026-04-14</Dt>
      </ReqdExctnDt>
      <Dbtr>
        <Nm>Test Debtor GmbH</Nm>
        <!-- Structured address unchanged from .09 (PostalAddress24) -->
        <PstlAdr>
          <StrtNm>Teststraße</StrtNm>
          <BldgNb>1</BldgNb>
          <PstCd>90401</PstCd>
          <TwnNm>Nürnberg</TwnNm>
          <Ctry>DE</Ctry>
        </PstlAdr>
        <Id>
          <OrgId>
            <LEI>5493001KJTIIGC8Y1R12</LEI>
          </OrgId>
        </Id>
      </Dbtr>
      <DbtrAcct>
        <Id>
          <IBAN>DE89370400440532013000</IBAN>
        </Id>
        <Ccy>EUR</Ccy>
      </DbtrAcct>
      <DbtrAgt>
        <FinInstnId>
          <BICFI>COBADEFFXXX</BICFI>
          <!-- .10: FinInstnId may include Nm for enriched bank identification -->
          <Nm>Commerzbank AG</Nm>
        </FinInstnId>
      </DbtrAgt>
      <CdtTrfTxInf>
        <PmtId>
          <InstrId>INSTRID-10-001</InstrId>
          <EndToEndId>E2EID-20260413-10-001</EndToEndId>
          <UETR>b2c3d4e5-f6a7-8901-bcde-f01234567891</UETR>
        </PmtId>
        <Amt>
          <InstdAmt Ccy="EUR">8500.00</InstdAmt>
        </Amt>
        <ChrgBr>SLEV</ChrgBr>
        <CdtrAgt>
          <FinInstnId>
            <BICFI>DEUTDEDBXXX</BICFI>
          </FinInstnId>
        </CdtrAgt>
        <Cdtr>
          <Nm>Test Creditor AG</Nm>
          <PstlAdr>
            <StrtNm>Empfängerstraße</StrtNm>
            <BldgNb>5</BldgNb>
            <PstCd>10115</PstCd>
            <TwnNm>Berlin</TwnNm>
            <Ctry>DE</Ctry>
          </PstlAdr>
        </Cdtr>
        <CdtrAcct>
          <Id>
            <IBAN>DE75512108001245126199</IBAN>
          </Id>
          <!-- .10 NEW: Proxy on account identification (e.g. phone/alias payments) -->
          <Prxy>
            <Tp>
              <Cd>EMAL</Cd>
            </Tp>
            <Id>creditor@testcreditor.de</Id>
          </Prxy>
        </CdtrAcct>
        <Purp>
          <Cd>SUPP</Cd>
        </Purp>
        <RgltryRptg>
          <!-- .10: RegulatoryReporting refinements -->
          <DbtCdtRptgInd>CRED</DbtCdtRptgInd>
          <Dtls>
            <Cd>150</Cd>
            <Inf>Warenzahlung grenzüberschreitend</Inf>
          </Dtls>
        </RgltryRptg>
        <RmtInf>
          <Strd>
            <CdtrRefInf>
              <Tp>
                <CdOrPrtry>
                  <Cd>SCOR</Cd>
                </CdOrPrtry>
              </Tp>
              <Ref>INV2026-10-001</Ref>
            </CdtrRefInf>
          </Strd>
        </RmtInf>
      </CdtTrfTxInf>
    </PmtInf>
  </CstmrCdtTrfInitn>
</Document>
