<?xml version="1.0" encoding="UTF-8"?>
<!-- pain.008.001.03 — CustomerDirectDebitInitiation (ISO 20022 / EPC SEPA SDD 2013) -->
<!-- Minor revision. Key changes vs .02: InstrId added to PmtId, Strd remittance    -->
<!-- info with CdtrRefInf supported. RCUR (recurring) mandate example. BIC not BICFI.-->
<Document xmlns="urn:iso:std:iso:20022:tech:xsd:pain.008.001.03"
          xmlns:xsi="http://www.w3.org/2001/XMLSchema-instance"
          xsi:schemaLocation="urn:iso:std:iso:20022:tech:xsd:pain.008.001.03 pain.008.001.03.xsd">
  <CstmrDrctDbtInitn>
    <GrpHdr>
      <MsgId>DDMSG-20260413-03-001</MsgId>
      <CreDtTm>2026-04-13T09:00:00</CreDtTm>
      <NbOfTxs>1</NbOfTxs>
      <CtrlSum>100.00</CtrlSum>
      <InitgPty>
        <Nm>Test Creditor AG</Nm>
        <PstlAdr>
          <Ctry>DE</Ctry>
          <AdrLine>Empfängerstraße 5</AdrLine>
          <AdrLine>10115 Berlin</AdrLine>
        </PstlAdr>
        <Id>
          <OrgId>
            <Othr>
              <Id>HRB-123456-B</Id>
              <SchmeNm>
                <Cd>COID</Cd>
              </SchmeNm>
            </Othr>
          </OrgId>
        </Id>
      </InitgPty>
    </GrpHdr>
    <PmtInf>
      <PmtInfId>DDPMTINF-20260413-03-001</PmtInfId>
      <PmtMtd>DD</PmtMtd>
      <BtchBookg>false</BtchBookg>
      <NbOfTxs>1</NbOfTxs>
      <CtrlSum>100.00</CtrlSum>
      <PmtTpInf>
        <SvcLvl>
          <Cd>SEPA</Cd>
        </SvcLvl>
        <LclInstrm>
          <Cd>CORE</Cd>
        </LclInstrm>
        <!-- RCUR: recurring debit — mandate already established -->
        <SeqTp>RCUR</SeqTp>
      </PmtTpInf>
      <!-- RCUR requires T+2 minimum collection date -->
      <ReqdColltnDt>2026-04-16</ReqdColltnDt>
      <Cdtr>
        <Nm>Test Creditor AG</Nm>
        <PstlAdr>
          <Ctry>DE</Ctry>
          <AdrLine>Empfängerstraße 5</AdrLine>
          <AdrLine>10115 Berlin</AdrLine>
        </PstlAdr>
        <Id>
          <OrgId>
            <Othr>
              <Id>HRB-123456-B</Id>
              <SchmeNm>
                <Cd>COID</Cd>
              </SchmeNm>
            </Othr>
          </OrgId>
        </Id>
      </Cdtr>
      <CdtrAcct>
        <Id>
          <IBAN>DE75512108001245126199</IBAN>
        </Id>
        <Ccy>EUR</Ccy>
        <Nm>Inkasso-Konto</Nm>
      </CdtrAcct>
      <CdtrAgt>
        <FinInstnId>
          <BIC>DEUTDEDBXXX</BIC>
          <Nm>Deutsche Bank AG</Nm>
          <PstlAdr>
            <Ctry>DE</Ctry>
            <AdrLine>Taunusanlage 12</AdrLine>
            <AdrLine>60325 Frankfurt am Main</AdrLine>
          </PstlAdr>
        </FinInstnId>
      </CdtrAgt>
      <CdtrSchmeId>
        <Id>
          <PrvtId>
            <Othr>
              <Id>DE98ZZZ09999999999</Id>
              <SchmeNm>
                <Prtry>SEPA</Prtry>
              </SchmeNm>
            </Othr>
          </PrvtId>
        </Id>
      </CdtrSchmeId>
      <DrctDbtTxInf>
        <PmtId>
          <InstrId>DDINSTRID-03-001</InstrId>
          <EndToEndId>DDEE-20260413-03-001</EndToEndId>
        </PmtId>
        <InstdAmt Ccy="EUR">100.00</InstdAmt>
        <DrctDbtTx>
          <MndtRltdInf>
            <MndtId>MNDTID-2025-03-001</MndtId>
            <DtOfSgntr>2025-01-10</DtOfSgntr>
            <AmdmntInd>false</AmdmntInd>
          </MndtRltdInf>
        </DrctDbtTx>
        <UltmtCdtr>
          <Nm>Konzern Holding AG</Nm>
        </UltmtCdtr>
        <DbtrAgt>
          <FinInstnId>
            <BIC>COBADEFFXXX</BIC>
            <Nm>Commerzbank AG</Nm>
            <PstlAdr>
              <Ctry>DE</Ctry>
              <AdrLine>Kaiserplatz 1</AdrLine>
              <AdrLine>60311 Frankfurt am Main</AdrLine>
            </PstlAdr>
          </FinInstnId>
        </DbtrAgt>
        <Dbtr>
          <Nm>Test Debtor GmbH</Nm>
          <PstlAdr>
            <Ctry>DE</Ctry>
            <AdrLine>Teststraße 1</AdrLine>
            <AdrLine>90401 Nürnberg</AdrLine>
          </PstlAdr>
          <Id>
            <OrgId>
              <Othr>
                <Id>DE12345678</Id>
                <SchmeNm>
                  <Cd>COID</Cd>
                </SchmeNm>
              </Othr>
            </OrgId>
          </Id>
        </Dbtr>
        <DbtrAcct>
          <Id>
            <IBAN>DE89370400440532013000</IBAN>
          </Id>
          <Nm>Geschäftskonto</Nm>
        </DbtrAcct>
        <Purp>
          <Cd>SUPP</Cd>
        </Purp>
        <RmtInf>
          <!-- .03: Strd with CdtrRefInf supported -->
          <Strd>
            <CdtrRefInf>
              <Tp>
                <CdOrPrtry>
                  <Cd>SCOR</Cd>
                </CdOrPrtry>
              </Tp>
              <Ref>DDREF-2026-03-001</Ref>
            </CdtrRefInf>
          </Strd>
        </RmtInf>
      </DrctDbtTxInf>
    </PmtInf>
  </CstmrDrctDbtInitn>
</Document>
